3184 6800
454 1333 713 1404 massana
733 1333 963 1391 maana-m
980 1335 1089 1392 anau
1104 1298 1149 1393 11j
1324 1343 1358 1397 m
1490 1349 1492 1352 ’

233 1517 381 1583 Pennioe
425 1517 534 1596 (hodie
570 1518 623 1582 M.
662 1516 793 1600 Penioe)
838 1519 883 1582 ad
918 1517 1132 1599 possessiones
1172 1519 1360 1586 monasterii

233 1609 363 1672 sedente
384 1605 571 1672 alumnam
585 1626 760 1673 maoessore
775 1605 914 1687 amant,
931 1626 1060 1687 saumae
1074 1608 1287 1674 Adaluoldns
1301 1629 1360 1673 rea

236 1694 359 1760 orandi
376 1716 475 1762 omisa
492 1694 633 1760 Bobium
650 1693 815 1778 profectus
837 1700 950 1776 ropatn
969 1694 1206 1762 Thendetindae
1228 1696 1359 1779 rapinae

237 1786 322 1848 dano
345 1783 432 1848 dedit
438 1805 451 1864 ;
479 1783 552 1865 ipso
581 1782 666 1848 enim
696 1803 765 1847 eam
795 1803 903 1848 amore
933 1781 1038 1848 saneti
1066 1783 1142 1848 otim
1173 1787 1360 1851 ascenderat

193 1900 216 1941 s
237 1874 285 1938 ad
316 1871 543 1937 manasterinm
570 1871 837 1955 praevidendum.
893 1871 1011 1937 Omnia
1045 1872 1179 1954 denique
1208 1872 1359 1954 Bertrdfo

238 1959 332 2026 tertio
366 1960 474 2026 abbati
507 1961 547 2026 ab
577 1961 682 2025 eodern
712 1979 784 2042 repe
807 1961 907 2042 paulo
936 1967 1010 2026 ante
1038 1968 1169 2026 mmmm
1197 1961 1302 2046 ipsius
1330 1969 1360 2027 et

229 2055 310 2134 post
339 2048 518 2115 Sandrarit
549 2048 733 2128 defunctum
761 2049 953 2128 confirmata
981 2055 1065 2114 arnt.
1121 2051 1200 2116 Tros
1229 2051 1359 2116 charae

237 2139 285 2204 ad
306 2157 364 2202 nos
378 2159 443 2203 non
458 2142 676 2222 peruenerunt
689 2135 757 2202 nisi
773 2158 836 2219 per
850 2138 1040 2221 apoprapira
1054 2139 1151 2203 mutto
1167 2138 1357 2221 posteriora,

236 2225 275 2291 in
309 2225 423 2309 auibus
456 2232 549 2292 notae
583 2224 731 2308 tumoris
763 2231 822 2290 aut
854 2226 1045 2307 depravatae
1075 2233 1132 2292 ant
1161 2249 1183 2293 a
1212 2227 1359 2294 librariis

189 2343 218 2385 ιο
237 2314 467 2380 recentioribus
499 2313 684 2380 immutatae
716 2320 807 2396 sunt,
842 2319 935 2396 atoue
962 2321 1094 2398 propter
1123 2314 1201 2380 isaeo
1230 2314 1358 2398 aliaqne

237 2403 337 2470 dubia
365 2403 404 2468 in
431 2402 641 2485 suspinornm
671 2402 747 2468 olim
775 2408 937 2483 uenerant,
973 2404 1069 2469 donea
1097 2403 1215 2470 uindex
1248 2425 1356 2470 earum

236 2491 409 2558 surreaitl.

350 2596 556 2664 Ohlotharius
577 2618 636 2662 rea
655 2603 819 2680 postquam
843 2596 1045 2680 prophetiam
1073 2599 1178 2666 sanati
1207 2598 1272 2664 oiri
1301 2599 1358 2664 im·

228 2688 355 2772 pietam
388 2707 453 2751 esse
481 2685 644 2768 intellexit,
678 2692 714 2751 nt
742 2707 812 2751 enon
841 2693 1051 2770 recuperaret,
1086 2687 1272 2752 Mtasium
1301 2687 1358 2769 oni

190 2802 219 2844 a
236 2774 465 2842 monasterium
488 2773 687 2840 Luaooiense
709 2773 775 2838 iam
796 2775 1039 2858 aeternandum
1061 2781 1240 2857 anseperat
1265 2775 1357 2840 alios-

189 2861 191 2871 '
237 2885 298 2947 one
320 2864 438 2947 iepatos
458 2862 633 2946 mmptibus
648 2861 788 2946 publicis
809 2869 884 2946 past
905 2885 975 2928 enm
996 2862 1094 2929 misit.
1146 2863 1358 2930 Columbonus

230 2951 526 3037 pereprinationem
554 2973 646 3033 mam
675 2950 742 3017 iam
770 2952 840 3032 fere
869 2951 1064 3018 concluserat
1091 2952 1238 3034 nulloque
1266 2953 1357 3018 modo

237 3043 284 3108 ad
305 3047 429 3106 tontum
451 3040 513 3106 iter
534 3040 719 3120 faciendum
742 3039 927 3106 commoveri
949 3046 1085 3124 poterat,
1109 3043 1165 3106 sed
1192 3039 1230 3107 id
1256 3041 1356 3106 solnm

238 3152 260 3196 a
282 3150 356 3213 repe
372 3127 523 3213 poposcit,
546 3135 582 3194 nt
603 3129 704 3195 sooios
726 3128 867 3193 Inmooii
889 3129 1013 3194 relictos
1041 3129 1080 3195 in
1107 3151 1200 3195 mom
1229 3131 1357 3195 tutelam

193 3245 221 3286 m
237 3218 401 3300 reciperet.
451 3217 514 3299 Qut
539 3217 611 3283 lieet
639 3239 659 3282 a
689 3223 797 3284 saneto
827 3217 897 3282 niro
920 3238 983 3300 per
1011 3218 1135 3285 litteras
1163 3218 1358 3284 uehementer

189 3318 192 3323 ‘
237 3306 414 3390 oastipatns
436 3312 522 3388 esset,
546 3312 651 3372 tomen
673 3327 854 3389 supremam
875 3306 979 3388 ipsius
1007 3307 1197 3373 uoluntatem
1225 3306 1356 3390 ditipen·

237 3395 361 3463 tissime
386 3402 531 3462 eneontus
552 3394 768 3461 Duaooimses
797 3402 827 3461 et
855 3394 976 3461 annuis
1004 3394 1148 3463 muamus
1176 3395 1300 3463 ditabat
1328 3403 1359 3462 et

237 3484 386 3551 dilatatis
408 3484 554 3550 terminis
576 3484 722 3568 amnique
744 3491 859 3550 oonatn
880 3484 961 3567 ipsis
983 3484 1142 3551 auritium
1158 3484 1356 3568 providebat,

235 3575 287 3662 ita
320 3579 357 3639 ut
385 3572 572 3639 monasterii
604 3572 688 3657 repii
717 3572 886 3657 privilepio
915 3572 983 3639 iam
1011 3575 1207 3653 fruerentur.
1260 3574 1358 3641 Anno

190 3689 220 3731 n
237 3669 344 3730 antem
359 3668 521 3728 transacto
535 3661 573 3727 in
587 3661 778 3727 monasterio
792 3660 948 3728 Bobiensi
963 3661 1176 3728 Colunrbanus
1191 3662 1358 3742 defunctae

237 3758 293 3834 est,
319 3751 437 3817 seilicet
462 3772 494 3816 a.
518 3756 594 3815 615.
618 3772 655 3833 ρ.
683 3748 770 3833 aar„
801 3749 852 3816 die
883 3757 936 3815 23.
961 3750 1157 3817 Nouembris.
1204 3751 1358 3835 Enpietns

237 3839 324 3907 anni
357 3839 510 3921 oiroutus,
546 3838 636 3904 onius
669 3840 773 3905 Ionas
804 3839 949 3905 meminit
957 3842 978 3921 ²,
1013 3840 1079 3906 sios
1112 3862 1134 3906 a
1166 3840 1358 3906 monasterio

237 3927 397 3995 Bobiensi
412 3928 536 3994 condito
550 3949 605 3993 sen
622 3927 732 4010 potius
745 3951 767 3994 a
790 3927 945 4011 lopatione
965 3926 1147 3994 Otdotharii
1168 3928 1254 4012 repis
1276 3927 1358 4000 colli·

236 4019 361 4101 pondus
383 4023 437 4098 est,
468 4037 498 4081 a.
524 4022 599 4081 614.
629 4015 835 4099 interpositus
855 4016 958 4097 fuisse
985 4016 1129 4097 videtum·
1157 4016 1226 4083 dies
1254 4023 1358 4082 autern

189 4133 220 4174 so
237 4105 417 4172 testimonio
446 4111 477 4170 et
497 4105 598 4170 Ionae
627 4111 658 4170 et
679 4104 911 4189 Martyrotopii
935 4105 1189 4188 Hieronpmioni
1217 4104 1359 4170 anatome

238 4193 386 4277 amidis
408 4195 615 4274 eonfimnatus
637 4195 712 4259 est³.
758 4194 841 4259 Dies
866 4192 1050 4259 emortualis
1079 4216 1109 4259 a.
1135 4198 1210 4258 615.
1239 4192 1277 4258 in
1308 4194 1358 4259 do-

237 4282 396 4350 minicum
427 4281 552 4364 inridit,
586 4282 624 4348 id
655 4285 740 4365 quod
771 4304 837 4349 non
869 4282 955 4366 fupit
986 4282 1169 4364 Wettinum,
1201 4282 1238 4348 V.
1268 4281 1359 4347 aaut

239 4395 266 4440 o.
282 4378 337 4438 26.
378 4372 516 4437 Sanetus
538 4376 709 4436 entrenram
731 4372 800 4452 fere
821 4377 954 4437 aetatem
976 4370 1090 4454 attipit,
1107 4391 1202 4453 qnam
1217 4370 1360 4437 hmnines

239 4464 352 4545 depere
373 4460 429 4540 fas
451 4465 505 4525 est.
544 4458 737 4543 Pereprinos
758 4460 831 4526 illos
854 4460 974 4526 Scottos
996 4466 1098 4526 aetate
1112 4460 1179 4525 mm
1196 4466 1359 4544 prooeotos

191 4574 220 4617 a
231 4549 351 4635 patria
372 4548 485 4614 relicta
510 4547 549 4613 in
576 4547 705 4615 Gallias
733 4548 899 4615 aduenisse
927 4548 1003 4615 inde
1033 4547 1138 4631 oollipi
1166 4548 1246 4631 lieet,
1277 4550 1362 4631 qnod

239 4636 404 4705 duodecim
426 4635 526 4702 annis
541 4643 623 4719 post,
647 4636 766 4703 seilicet
787 4658 818 4702 a.
836 4643 910 4719 603,
932 4637 1075 4703 veterani
1094 4658 1242 4720 senesque
1257 4644 1358 4720 mant,

238 4727 324 4793 suut
343 4745 443 4808 supra
465 4724 615 4807 diotimus,
638 4725 819 4808 fretumque
841 4728 943 4791 decan
959 4732 989 4791 et
1002 4733 1116 4808 septem
1132 4725 1198 4790 mm
1213 4726 1361 4808 inpetrant

240 4815 416 4895 defunctos.
477 4813 627 4880 Versibus
663 4814 805 4879 Adaniis
840 4836 919 4897 quos
951 4814 1082 4880 Fidolio
1119 4814 1221 4895 fratri
1257 4813 1361 4878 mutui

239 4902 348 4985 officii
376 4922 475 4970 eausa
502 4901 715 4970 Columbonns
743 4903 833 4969 misit
860 4903 966 4986 aipore
996 4902 1101 4968 animi
1129 4902 1198 4982 tere
1226 4902 1361 4967 inpendi

190 5018 221 5059 a
240 4990 429 5075 mmmmm
451 4990 509 5056 tros
530 4990 663 5057 snbiedt
683 4991 919 5059 henanwtros⁴.·

238 5168 267 5236 1)
291 5166 388 5219 Etiam
404 5167 535 5218 monis
552 5166 661 5232 antiqui
676 5168 786 5233 ooottpr'o
805 5166 893 5220 adhue
909 5171 1072 5234 supersum:
1094 5162 1264 5218 Mediolanio
1289 5170 1362 5232 (oum

236 5239 332 5304 lm),
358 5235 479 5291 Atalmo
502 5235 567 5301 dat,
593 5252 762 5303 mereamus,
790 5235 944 5292 valeamini.
1033 5237 1062 5302 2)
1087 5235 1118 5291 V.
1138 5235 1253 5291 Comma
1272 5237 1297 5302 Ι,
1316 5239 1360 5293 30.

235 5313 266 5380 8)
287 5309 330 5375 Of.
344 5307 387 5363 ’Μ
401 5304 495 5359 Area:
506 5306 571 5371 XX,
585 5324 616 5375 ρ.
628 5309 698 5369 338;
715 5307 823 5375 XXIV,
839 5324 870 5375 p.
882 5310 944 5364 314.
998 5308 1026 5374 4)
1043 5305 1107 5363 Μθ,
1120 5307 1173 5375 Ep.
1185 5306 1241 5373 III,
1256 5324 1286 5375 ρ.
1301 5309 1361 5366 loe.
