3184 6800
273 1316 308 1369 28
486 1310 611 1381 IONAS,
624 1310 746 1367 VITAE
765 1309 995 1366 OOLUMBANI
1013 1308 1121 1365 LIBRI
1138 1308 1178 1366 11.

187 1547 190 1550 .
272 1499 406 1559 testatur
426 1491 624 1572 sacrificinm
642 1511 703 1574 per
724 1491 904 1557 ebrietatem
932 1498 990 1557 out
1018 1491 1221 1557 voracitatem
1249 1512 1395 1556 manens

273 1583 527 1665 neplepenterpue
561 1580 722 1646 dimittens
755 1587 786 1646 et
814 1580 917 1646 laicus
946 1602 979 1646 se
1007 1580 1175 1646 inebrians
1208 1586 1265 1645 out
1293 1600 1394 1661 usaue

273 1673 318 1736 ad
330 1670 479 1736 uomitum
501 1671 701 1736 manducans
723 1676 781 1734 aut
798 1669 915 1735 bibens.
958 1668 1113 1735 Convicia
1136 1689 1206 1734 eum
1227 1667 1309 1733 alibi
1325 1675 1399 1732 tum

272 1761 364 1824 iunto
386 1759 470 1839 fona
492 1760 538 1824 ad
559 1761 725 1824 doemones
747 1759 892 1823 colendos
914 1765 971 1823 ant
994 1757 1170 1824 mmulacro
1198 1757 1392 1822 honoranda

273 1849 521 1928 celebrabantur,
545 1847 717 1930 inquibus
746 1846 825 1912 laici
847 1853 1001 1929 quantum
1025 1852 1175 1928 poterant
1201 1852 1232 1910 et
1258 1847 1423 1912 mandri-s

273 1937 389 2002 cabant
416 1942 446 2001 et
474 1936 631 2017 bibebant,
662 1956 848 2018 mensaeque
876 1935 1115 2001 daemoniorum
1143 1934 1191 2000 oel
1220 1932 1393 2000 ebristiani

272 2025 458 2106 interfuisse
486 2024 635 2090 ridentur
661 2026 755 2107 palae
784 2024 862 2089 uitio
891 2024 1034 2090 commoti
1044 2026 1066 2087 1.
1118 2022 1266 2105 Denique
1294 2022 1393 2088 etiam

273 2113 425 2179 baeretici
453 2113 644 2179 Columbono
666 2113 879 2196 impupnandi
901 2119 1003 2194 erant,
1033 2112 1184 2195 inprimis
1205 2110 1391 2191 Bonosiaci,

273 2223 455 2285 erroresque
488 2202 642 2267 eiusmodi
675 2223 744 2267 uno
777 2223 847 2268 enm
880 2201 1066 2268 idololotria
1101 2200 1187 2266 inter
1220 2201 1393 2266 Warascos

273 2292 362 2357 band
377 2291 492 2373 procul
513 2312 536 2355 a
557 2289 702 2355 Lucania
724 2290 803 2355 sitos
824 2290 974 2369 floruisse
989 2292 1141 2355 constat².
1183 2287 1436 2354 Paenitentiam

273 2380 500 2462 iniunpebatur
522 2400 584 2460 per
612 2379 680 2444 dies
711 2386 728 2442 7
759 2380 807 2444 uel
838 2385 879 2443 40
909 2385 967 2444 aut
988 2400 1051 2460 per
1079 2399 1184 2444 annos
1211 2398 1311 2442 unum
1342 2377 1390 2442 ool

267 2470 388 2552 plures,
412 2474 441 2533 et
462 2475 532 2533 erat
553 2489 623 2534 oum
639 2489 729 2552 pone
751 2475 781 2533 et
803 2489 889 2549 aqua
910 2474 941 2532 et
961 2469 1027 2533 sale
1049 2474 1107 2533 aut
1127 2469 1244 2549 absque
1264 2465 1342 2531 rino
1364 2471 1393 2530 et

273 2579 380 2624 carne.
426 2556 482 2622 Ad
502 2577 573 2622 eom
595 2557 836 2640 approbandam
859 2555 988 2621 erilium
1010 2557 1058 2622 oel
1073 2554 1293 2639 pereprinatio
1312 2553 1393 2620 addi

268 2652 428 2728 poterant.
489 2645 668 2710 Homicidii
702 2666 791 2710 reum
819 2652 988 2727 praeterea
1019 2644 1207 2727 parentibus
1234 2641 1392 2724 perempti

272 2733 523 2815 satisfactionem
545 2735 675 2799 reddere
690 2755 767 2815 opus
781 2740 859 2815 erat,
875 2734 1057 2817 furtumque
1071 2733 1253 2815 frequenter
1266 2731 1393 2812 faciens
1411 2753 1436 2795 a

273 2824 375 2890 laicus
390 2845 455 2889 non
469 2830 544 2888 onte
558 2823 833 2904 reconciliabatur,
849 2844 943 2906 quam
956 2822 1151 2905 pauperibus
1165 2821 1393 2904 eleemosynam

271 2913 441 2994 epulasque
463 2912 620 2978 sacerdoti
636 2911 870 2993 paenitentiam
893 2911 1047 2977 indicenti
1069 2910 1213 2976 dedisset.
1260 2909 1298 2975 Si
1320 2908 1392 2991 quis

273 3001 375 3066 laicros
402 2999 587 3082 cupiditatis
615 3021 714 3065 cansa
736 3000 920 3081 peierasset,
949 2999 1175 3083 pronissimam
1202 2997 1392 3064 sententiam

274 3089 407 3169 subibat,
430 3094 466 3152 nt
487 3108 538 3153 res
560 3087 663 3169 ipsius
685 3089 895 3153 venderentur
910 3088 1167 3171 pauperibusque
1184 3089 1390 3168 donarentur,

273 3177 341 3260 ipse
379 3183 483 3242 antem
519 3177 644 3241 saeculo
678 3176 809 3242 dimisso
842 3183 952 3242 tonsus
984 3199 1082 3260 usqne
1115 3179 1161 3242 ad
1192 3182 1322 3242 morum
1355 3174 1392 3241 in
1406 3199 1429 3239 n

273 3265 466 3330 monasterio
503 3264 644 3330 seruiret.
706 3265 820 3330 Laicis
857 3272 992 3348 tempore
1022 3265 1241 3348 poenitentioe
1277 3284 1392 3330 umores

274 3373 456 3437 eopnoscere
480 3375 545 3419 non
574 3353 695 3420 licebat.
741 3353 982 3421 Paenitentibns
1010 3355 1047 3421 in
1076 3353 1207 3421 ecclesia
1236 3359 1392 3419 ermenus

272 3443 521 3508 christianorum
555 3445 631 3508 ordo
664 3446 887 3509 reservabatur
920 3451 977 3510 aut
1008 3445 1092 3509 uelut
1127 3441 1392 3510 communicantes

274 3553 344 3597 enm
367 3530 557 3597 Bonosiocr's
578 3531 663 3597 inter
685 3533 920 3598 eatccbumenos
934 3539 1021 3599 stare
1036 3534 1233 3615 eopebantur,
1249 3529 1392 3614 separati

274 3622 314 3685 ab
333 3620 419 3686 aliis.
458 3620 613 3686 Absoluta
627 3620 840 3703 paenitentia,
863 3621 984 3687 iudicio
1006 3620 1177 3686 sacndotis
1198 3620 1237 3686 in
1260 3641 1391 3686 commu·

274 3708 400 3774 nionem
423 3708 657 3791 recipiebantur
679 3710 726 3775 oel
748 3710 849 3775 altari
871 3710 1115 3792 iunpebantnr³.

181 3837 256 3889 ⁸21⁸.
382 3815 531 3880 *Librum
554 3816 683 3881 bucnero
705 3816 815 3896 ferens
842 3816 1056 3883 Columbanus
1080 3837 1141 3898 per
1163 3836 1262 3898 opaca
1292 3815 1392 3881 saltus

274 3904 477 3970 ambulabat⁴
499 3904 661 3987 tepensque
685 3904 802 3969 librum
824 3906 1041 3986 reperiebatur
1062 3911 1091 3970 et
1119 3904 1158 3970 in
1187 3904 1272 3969 atrio
1303 3904 1391 3969 eccle
1433 3935 1447 3942 -

274 3993 364 4058 sioe⁵
386 3999 416 4059 et
443 3992 481 4057 in
509 4014 620 4074 eremo,
648 4014 780 4075 quercus
805 3994 985 4075 putrefacto
1014 3994 1147 4059 trunco⁶
1169 3994 1290 4058 sedens.
1337 3993 1392 4057 In·
1405 4024 1448 4035 -

267 4082 388 4164 primis
410 4082 650 4148 commentarios
671 4082 709 4147 in
737 4083 930 4164 scripturam
959 4104 1086 4149 sacram
1115 4082 1178 4148 sibi
1207 4094 1448 4163 comparare2

275 4291 301 4360 1)
321 4292 361 4343 De
378 4292 512 4358 omninodo
530 4292 674 4345 &cornum
692 4292 861 4344 daemoniaco
878 4310 901 4347 o.
920 4308 1006 4359 supra
1020 4311 1050 4361 p.
1065 4294 1106 4348 17.
1178 4294 1206 4358 2)
1227 4292 1255 4346 V.
1275 4290 1391 4345 Columb.
1406 4324 1448 4341 .-

273 4362 315 4428 II,
328 4364 353 4417 8.
408 4365 436 4431 3)
455 4363 657 4415 Paenitentialts
668 4364 738 4429 quod
751 4364 908 4415 Columbani
918 4365 1024 4416 nomine
1038 4363 1231 4427 cirncmfutur
1241 4365 1448 4414 mannans

270 4438 379 4500 partem
396 4449 427 4485 re
443 4449 508 4485 ocra
526 4434 613 4500 ipsius
629 4436 748 4486 auctori's
771 4450 825 4487 esse
848 4437 920 4486 inter
937 4438 1057 4487 saniores
1081 4436 1188 4486 criticos
1208 4435 1264 4485 iam
1282 4438 1391 4497 mia,
1405 4459 1448 4483 ⁴

274 4518 411 4571 omnesque
436 4506 603 4555 contrariam
629 4504 769 4556 Sabmitzc'c'
795 4507 944 4572 opinionem
971 4507 1017 4571 (cf.
1035 4522 1055 4560 e.
1072 4522 1116 4572 pr.
1136 4504 1227 4558 ‘Areln
1248 4505 1271 4568 f.
1290 4504 1391 4558 katlrol.
1414 4535 1448 4551 ⁴

274 4574 477 4625 Kirolienrccbt'
495 4574 602 4641 XLIX,
621 4591 651 4641 p.
665 4578 760 4643 3sqq.;
784 4575 890 4642 LXXI,
906 4594 937 4645 p.
949 4579 1003 4631 436
1011 4579 1081 4644 sqq.)
1099 4575 1317 4644 improbauerunt
1341 4574 1392 4640 (af,
1410 4609 1448 4626 Α

275 4645 403 4709 Moluory
415 4646 433 4700 l.
446 4646 464 4700 l.
479 4662 508 4712 p.
523 4648 644 4713 wem,
664 4662 745 4712 quam
758 4649 839 4698 ctiam
857 4650 887 4699 in
904 4649 1049 4700 novissimo
1060 4647 1130 4714 qaod
1140 4646 1223 4698 edidit
1240 4662 1317 4713 apen
1334 4647 1448 4699 ‘Dio⁵

275 4715 446 4769 Bussbdcbcr
475 4716 532 4767 und
561 4718 612 4769 das
642 4717 804 4770 banoniscbe
830 4719 1068 4784 Bussoerfabren’,
1097 4718 1289 4785 Dumeldorpii
1315 4718 1392 4782 1898,

273 4805 301 4855 p.
315 4788 367 4843 146
375 4803 439 4855 sqq,
460 4790 638 4854 pertinaciter
654 4789 778 4854 defendit.
815 4789 906 4856 Neque
923 4805 983 4842 aero
1000 4794 1070 4842 totus
1087 4790 1162 4855 liber,
1181 4805 1258 4856 quom
1276 4788 1392 4853 Saone,

277 4858 413 4914 ‘Zeitocbn
432 4862 482 4925 ίαν
499 4859 717 4925 Ki'rcbcnpascb!
728 4859 811 4924 XIV,
827 4877 858 4926 p.
870 4863 1026 4927 441-448,
1044 4862 1157 4911 ultimus
1173 4860 1265 4926 nnn,
1286 4860 1392 4913 Colum·

275 4929 343 4983 bano
362 4930 545 4982 attribuendus
569 4937 614 4995 est,
640 4930 685 4982 sed
708 4931 855 4996 complures
875 4938 970 4999 portes
987 4931 1191 4997 distinpuendae
1208 4935 1273 4982 sant
1290 4948 1308 4983 a
1326 4946 1394 4983 oom-

271 5001 387 5067 pilatore
404 5003 552 5067 posteriore
569 5003 599 5052 in
618 5017 703 5052 unum
721 5001 853 5057 redactae.
889 5002 1016 5054 Alterius
1034 5002 1140 5067 Hauelc,
1166 5003 1261 5069 quiin
1279 5002 1394 5054 ln'etorio

278 5072 440 5124 Germaniae
455 5073 626 5123 ecclesiastiea
639 5071 663 5136 I,
677 5090 706 5139 p.
720 5072 799 5136 275³,
817 5076 993 5139 quaestionem
1008 5076 1094 5140 perite
1107 5075 1272 5139 innodarit,
1288 5077 1394 5140 partem

275 5144 391 5204 mediam
409 5159 427 5193 a
445 5143 580 5195 Seebasoo’o
598 5144 688 5195 littera
701 5143 874 5209 Bsipnatam
892 5144 929 5195 ad
947 5161 967 5199 e.
980 5146 1024 5200 25.
1043 5146 1151 5197 munina
1166 5160 1326 5211 permanans
1343 5158 1396 5197 osu

275 5221 360 5354 &elleh
368 5214 459 5340 mjbgg
460 5216 584 5267 statuisse
606 5214 718 5267 ridetur.
803 5216 831 5283 4)
856 5215 887 5271 V.
907 5214 1022 5270 Columb.
1040 5215 1065 5281 I,
1083 5218 1110 5271 8.
1189 5218 1216 5282 b)
1244 5215 1289 5271 lo.
1308 5214 1333 5282 Ι,
1351 5216 1394 5271 w.

1436 5287 1448 5324 o

362 5326 368 5339 ι
403 5322 412 5349 )
461 5326 467 5339 ο
1288 5342 1290 5345 .
