3184 6800
395 1302 522 1372 IONAS,
534 1303 656 1359 vm
674 1304 903 1362 OOLUMBANI
920 1307 1029 1364 LIBRI
1045 1308 1086 1366 H.
1285 1318 1302 1370 7

176 1483 311 1549 minime
327 1491 463 1566 poterat.
514 1486 651 1551 Tantnm
673 1486 757 1552 enim
781 1489 899 1570 aberat,
924 1494 960 1554 nt
980 1489 1199 1557 inrisdictioni
1221 1493 1302 1559 dioe-

177 1593 314 1638 cesanae
336 1595 402 1638 sese
424 1573 584 1656 snbiceret,
608 1583 644 1640 nt
665 1582 776 1641 contra
793 1576 940 1658 propriis
963 1578 1082 1659 levibns
1104 1579 1229 1646 viveret.

289 1680 388 1746 Scotti
398 1679 436 1745 in
450 1679 611 1746 Christum
622 1685 788 1763 eredentes,
795 1690 964 1766 postauam
976 1685 1302 1768 episcopnmprimnm

179 1793 201 1836 a
217 1768 396 1837 Caelestino
401 1791 492 1850 papa
502 1791 532 1833 a.
541 1775 616 1834 431.
629 1778 815 1853 acceperant
826 1772 1013 1838 Palladiam
1023 1775 1043 1856 ¹,
1060 1796 1130 1840 cnm
1141 1776 1302 1841 ecclesiam

147 1880 273 1924 csnam
296 1857 500 1922 monasteriis
523 1859 659 1925 conditis
681 1881 818 1925 crescere
840 1860 1001 1943 vidissent,
1031 1863 1146 1928 iisdem
1169 1867 1206 1930 de
1227 1885 1302 1946 pro

173 1949 335 2031 papanda
364 1948 429 2026 fide
457 1946 637 2013 cbristiana
666 1948 779 2030 optime
813 1949 936 2014 meritis
962 1950 1184 2033 principatum
1213 1956 1302 2019 eccle

178 2036 346 2102 siasticnm
383 2033 451 2100 iam
488 2057 672 2118 concessere,
711 2037 759 2103 ita
795 2045 832 2102 nt
868 2059 934 2103 non
971 2040 1071 2104 solnm
1104 2040 1143 2105 in
1175 2042 1303 2108 snbdita

177 2123 377 2190 monasteria
403 2124 654 2207 dominarentur,
685 2128 741 2191 sed
769 2125 865 2191 etiam
888 2148 950 2208 per
979 2134 1075 2193 totam
1099 2129 1302 2210 provinciam

178 2213 371 2296 acanisitam
407 2212 660 2279 inrisdictionem
697 2214 940 2281 ecclesiasticam
977 2224 1164 2282 exercerent.
1222 2219 1302 2284 Qm

133 2331 160 2368 ιο
178 2302 281 2385 ipitnr
302 2301 451 2366 monachi
473 2302 586 2381 officia
608 2302 686 2368 cleri
708 2303 884 2368 saecularis
906 2303 1079 2387 implerent,
1103 2306 1225 2386 factam
1247 2314 1300 2389 est,

177 2398 215 2456 nt
229 2398 259 2456 et
272 2390 375 2472 ipsias
389 2391 523 2455 bonores
538 2391 703 2457 mabirent
734 2392 938 2457 Monosterio
946 2393 1127 2475 principali
1136 2398 1302 2479 presbyter

178 2487 209 2545 et
231 2481 332 2546 abbas
346 2485 509 2562 praeerat,
533 2479 588 2561 qni
610 2479 802 2545 hamilitatis
820 2502 919 2546 cansa
941 2482 1135 2563 superiorem
1157 2484 1302 2551 ordinem

178 2570 365 2651 respuebat,
397 2588 532 2632 manera
562 2575 666 2634 antem
694 2568 754 2634 illa
782 2590 864 2652 qnae
892 2570 1001 2635 ordini
1032 2571 1203 2654 episcopali
1232 2594 1301 2638 con·

178 2657 356 2739 veniebant,
386 2658 470 2722 velat
491 2657 755 2723 consecrationem
785 2658 938 2723 altarinm
961 2666 1072 2740 cetera,
1104 2661 1211 2725 abbati
1234 2663 1301 2726 sab·

134 2773 160 2812 15
179 2746 242 2812 diti
257 2745 489 2827 oceanebantnr
503 2752 532 2810 et
546 2746 694 2811 monachi
709 2753 739 2811 et
752 2747 889 2829 episcopi
898 2750 920 2810 ².
947 2748 1153 2813 Monasteria
1169 2751 1302 2815 dedncto

178 2837 275 2916 firmo
297 2833 539 2900 necessitndinis
560 2834 685 2900 vincalo
708 2857 778 2900 cnm
795 2842 898 2900 matre
917 2835 1086 2901 ooninncta
1103 2839 1299 2921 perstabant,

179 2931 305 3005 totaane
336 2922 470 2988 societas
502 2923 712 2989 ecclesiastica
738 2924 943 3006 praesidente
977 2926 1087 2990 abbate
1118 2927 1302 3009 presbptero

178 3033 332 3094 mapnam
353 3011 517 3091 semitiora
539 3011 666 3092 efficere
687 3012 862 3078 videbatur.
908 3014 1046 3077 Tantam
1069 3020 1173 3079 antem
1194 3036 1301 3079 mona·

179 3102 311 3168 cbornm
340 3120 507 3165 nnmernm
535 3101 731 3166 monasteria
758 3101 819 3166 illa
851 3123 1090 3183 nonnnmanam
1124 3103 1299 3186 capiebant,

132 3217 160 3256 ιο
179 3197 217 3255 nt
244 3190 328 3255 vdat
354 3189 578 3255 Bancorenses
606 3190 747 3257 Walliae
779 3190 818 3255 in
851 3198 965 3272 septem
999 3197 1121 3256 tnrmas
1155 3192 1301 3273 dispositi

180 3285 292 3360 essent,
315 3298 452 3360 avaram
473 3279 565 3344 nnlla
586 3278 693 3344 minas
717 3285 780 3342 300
800 3278 980 3345 bominibns
1002 3280 1302 3363 comprehendisset,

182 3375 306 3435 tnrmae
328 3389 350 3431 a
366 3367 562 3450 praepositis
584 3369 774 3451 repebantnr
789 3388 953 3451 manesqne
968 3370 1006 3433 de
1021 3369 1128 3434 labore
1149 3390 1302 3435 monam

181 3478 316 3523 maram
344 3456 449 3521 vivere
477 3458 648 3522 solebantss.
695 3457 793 3523 Scotti
820 3478 891 3522 mim
913 3457 1132 3522 consnetndini
1155 3458 1303 3524 ecclesiae

187 3546 380 3613 Gallicanae
411 3546 636 3627 Romanaeque
668 3545 834 3611 contraria
865 3546 964 3610 malta
994 3548 1154 3629 perebant,
1185 3553 1251 3611 tam
1280 3570 1303 3613 a

133 3661 162 3701 ss
180 3635 323 3700 moribns
343 3634 508 3717 atrinsqne
532 3633 642 3699 aliena
667 3634 732 3698 tria
754 3634 892 3698 manime
909 3634 1080 3715 faciebant,
1104 3657 1161 3700 nec
1177 3635 1302 3717 pascha

181 3745 240 3790 sno
270 3730 403 3806 tempore
432 3724 621 3789 celebrantes
653 3744 709 3788 nec
740 3722 857 3787 missas
887 3744 974 3787 more
1003 3722 1094 3788 solito
1123 3744 1302 3805 comamqne

181 3813 279 3879 aliter
316 3814 484 3877 tondentes.
549 3811 638 3877 Galli
675 3811 761 3876 enim
802 3811 937 3877 Victorii
973 3811 1134 3893 Aquitani
1175 3833 1303 3878 cnrsnm

176 3901 362 3984 paschalem
389 3900 427 3965 in
456 3900 588 3966 concilio
611 3900 845 3966 Aurelianensi
867 3922 897 3964 a.
915 3905 990 3965 541.
1014 3902 1212 3966 sannorant⁴
1242 3902 1302 3966 cal·

182 3990 335 4057 calatoris
367 3989 458 4053 illins
490 3989 676 4071 scrnpnlosi,
715 3988 770 4072 qni
803 3989 894 4053 inssn
927 3988 1043 4053 Hilari
1081 3989 1303 4055 archidiaconi

134 4106 162 4145 m
181 4102 213 4145 a.
239 4084 313 4143 457.
349 4078 468 4161 cpclnm
500 4077 728 4160 Aeppptiornm
766 4078 1075 4143 decemnovennalem
1110 4077 1302 4142 Latinorum

181 4167 257 4235 asni
279 4169 433 4249 adaptare
456 4172 587 4232 conatns
609 4167 708 4248 erat5,
733 4167 814 4249 lepos
835 4165 999 4246 ntrinsane
1015 4164 1125 4246 partis
1147 4165 1195 4229 ita
1217 4165 1303 4230 inter

180 4279 214 4323 se
244 4255 436 4322 concilians:
470 4277 540 4322 cam
570 4254 621 4321 olle
651 4254 807 4321 doninica
837 4256 915 4319 lana
946 4253 1026 4319 XV.
1051 4252 1155 4334 primi
1184 4253 1303 4319 niensis

173 4345 380 4429 proveniente
402 4343 521 4410 Graeci
537 4344 662 4426 pasclra
684 4346 885 4424 celebrarent,
910 4342 1025 4408 Latini
1048 4348 1153 4407 antem
1175 4342 1211 4407 in
1234 4344 1302 4408 snb-

180 4440 357 4516 seqnentem
375 4432 568 4499 dominicam
582 4433 665 4498 iliad
678 4432 854 4514 differrent,
877 4431 926 4496 ito
944 4431 1044 4497 atilli
1059 4432 1170 4496 lanam
1187 4431 1302 4496 XV-

133 4548 160 4588 ss
183 4523 289 4604 XXI,
313 4522 349 4587 bi
374 4522 411 4586 X
418 4520 641 4587 VI-XXII.
666 4524 875 4601 observarent,
906 4521 973 4602 ipse
995 4526 1162 4601 atramque
1178 4520 1303 4602 pascha

179 4614 398 4693 adnotaverat,
437 4610 581 4676 electioni
612 4609 728 4693 papali
765 4608 953 4674 decisionem
990 4615 1087 4674 totam
1124 4629 1302 4674 reservans.

181 4700 281 4767 Scotti
303 4722 373 4765 cnm
394 4698 599 4766 Brittonibns
620 4705 755 4780 atroam
777 4697 902 4762 ratione
931 4697 1110 4780 improbata
1133 4698 1258 4778 pascito
1281 4719 1303 4762 a

180 4791 261 4856 lnna
278 4788 381 4853 XIV.
400 4809 498 4871 nsque
515 4790 560 4853 ad
576 4788 659 4852 XX.
676 4788 885 4867 celebrabant,
910 4806 1039 4867 cnmane
1053 4785 1091 4850 in
1106 4784 1303 4868 acqninoctio

180 5001 209 5069 1)
236 5000 366 5066 Prospert
384 4999 492 5065 Cicron,
512 5000 590 5053 Anat.
609 4999 693 5065 antiq.
711 4997 764 5062 IX,
782 5015 809 5064 p.
821 4999 883 5052 473.
921 4996 964 5060 of.
982 4995 1023 5051 W.
1042 4995 1164 5059 Levtson,
1183 4992 1306 5058 ‘Bischof

129 5081 159 5120 ιο
181 5072 336 5124 ammons
353 5087 403 5123 oon
420 5069 563 5134 Anacrrr',
581 5070 626 5123 ‘N.
644 5066 737 5122 Arcti?
753 5068 861 5134 XXIX,
876 5085 906 5134 p.
920 5070 962 5123 98.
983 5069 1042 5122 167.
1116 5065 1143 5134 2)
1162 5064 1245 5129 Beda,
1265 5062 1301 5123 Η,

179 5142 238 5197 eccl.
257 5141 354 5208 111,4.
426 5140 454 5212 3)
472 5140 514 5196 Io.
532 5140 573 5207 II,
584 5142 610 5195 2.
671 5139 700 5208 4)
721 5140 842 5193 Concilio
859 5140 898 5193 eol.
917 5139 1045 5190 Maassen
1062 5138 1143 5202 I,8'l.
1216 5137 1243 5202 5)
1262 5135 1304 5187 Dc

179 5216 334 5282 quaestione
345 5213 473 5280 paschali
482 5213 513 5265 tn
524 5211 668 5263 annalibus
679 5213 780 5264 avaris
788 5211 897 5276 plmms
909 5209 1025 5260 classant
1037 5208 1110 5273 (‘Dte
1122 5206 1303 5273 Einfdhrnnp

178 5287 225 5339 des
248 5284 428 5352 prinbisclnn
445 5283 634 5337 Poscbalrr'tns
651 5284 689 5334 im
706 5280 895 5345 Abcndlande',
914 5280 958 5335 ίΝ.
977 5279 1070 5333 Arcb!
1089 5278 1141 5346 IX,
1161 5279 1211 5332 101
1224 5282 1302 5344 saa),
