3184 6800
424 1306 550 1377 IONAS,
563 1308 683 1363 VITAE
702 1307 930 1363 COLUMBANI
948 1307 1057 1363 LIBRI
1074 1308 1115 1365 11.
1292 1314 1328 1367 43

189 1490 456 1570 comitabamur·
471 1490 627 1556 tricesim
642 1497 746 1555 autem
757 1490 810 1555 die
821 1489 1070 1555 commemoratio
1081 1490 1248 1568 defunctae
1259 1512 1328 1555 enm

189 1579 382 1644 missarum
397 1578 603 1644 sollemnitate
617 1579 655 1644 in
666 1579 796 1645 ecclesia
812 1580 1000 1644 celebranda
1015 1585 1093 1643 erat.
1119 1578 1249 1643 Puellae
1263 1586 1329 1643 tam

189 1666 356 1749 diliqenti
374 1667 488 1732 matris
505 1667 648 1733 custodia
665 1668 756 1733 intra
771 1666 951 1732 comobium
966 1667 1191 1748 educabantur,
1209 1673 1246 1731 ut
1261 1690 1329 1733 una

189 1777 320 1822 earum
350 1754 435 1820 inter
464 1777 594 1821 sernum
623 1762 776 1822 naturam
805 1755 987 1821 diiudicare
1015 1755 1172 1836 nequiret,
1207 1777 1329 1821 marem

189 1843 424 1925 forminumque
454 1844 539 1909 idem
568 1865 633 1910 esse
662 1844 860 1910 existimans.
907 1844 1062 1909 Parentes
1093 1844 1212 1910 nobius
1241 1845 1329 1924 filias

189 1933 237 1998 in
271 1932 458 1997 nniversam
481 1933 581 1998 alicui
610 1939 741 2016 nuptum
765 1934 843 1998 dare
865 1954 961 2014 quam
989 1933 1181 1998 monasterio
1204 1934 1329 1998 uadem

189 2022 371 2087 malebant
398 2042 640 2104 consensumque
671 2042 737 2086 non
765 2023 899 2103 dabant,
933 2020 1000 2087 nisi
1024 2028 1193 2104 postquam
1223 2043 1329 2087 omnes

189 2131 259 2176 eas
295 2109 458 2174 retinendi
489 2117 620 2176 conatus
653 2113 698 2176 ad
729 2109 860 2175 irritum
890 2110 1077 2176 ceciderunt.
1124 2110 1329 2176 Intrantibus

189 2205 314 2265 antem
337 2197 565 2264 monasterium
587 2199 745 2264 nobilibus
768 2198 888 2280 puellis
917 2220 1015 2281 neque
1045 2199 1202 2280 diciplina
1230 2221 1329 2280 neque

189 2286 316 2354 tenuis
337 2286 437 2352 uictus
459 2288 550 2353 ualde
573 2288 747 2353 arridebat.
801 2287 983 2368 Complures
1004 2288 1125 2367 furtiuo
1147 2287 1214 2353 cibo
1235 2290 1329 2370 qulae

189 2375 395 2442 ariditatem
418 2376 611 2459 esuriemque
639 2375 761 2441 satiare
790 2397 959 2459 oppressae
987 2383 1081 2458 sunt,·
1110 2376 1195 2441 aliae
1224 2383 1328 2441 autem

189 2472 229 2532 et
262 2463 420 2545 inprimis
448 2465 591 2531 nonciae
620 2465 709 2530 itlius
737 2465 822 2530 citae
845 2471 1013 2546 pertaesae
1041 2465 1220 2547 saeculique
1249 2465 1327 2530 desi·

189 2553 298 2621 derio
323 2559 469 2634 arreptae
492 2554 604 2636 fuqam
626 2553 773 2619 iniebant
793 2561 962 2635 saeptaque
979 2575 1040 2635 per
1062 2555 1182 2619 scalam
1212 2554 1328 2619 transi·

189 2643 337 2722 Ziebant,
362 2663 431 2706 cum
446 2642 571 2708 diabolo
586 2642 769 2709 conuersari
787 2643 1006 2723 praeferentes
1020 2663 1116 2724 quam
1131 2664 1201 2708 cnm
1215 2649 1328 2708 sancta

189 2737 328 2812 matre,
365 2751 463 2812 neque
498 2753 572 2797 cero
609 2731 764 2812 inceptum
802 2752 923 2812 semper
950 2751 1102 2813 prospere
1130 2732 1326 2811 procedebat,

189 2822 263 2886 sed
284 2819 325 2883 in
346 2818 416 2900 ipso
437 2820 521 2885 callo
545 2819 756 2885 transiliendo
778 2821 989 2901 deprehensae
1011 2819 1168 2884 libertatis
1190 2839 1328 2883 amorem

189 2907 409 2988 confessione
432 2908 693 2991 paenitentiaque
716 2909 852 2974 luebant.
905 2908 1087 2991 Aqrestium
1116 2910 1209 2973 rebus
1237 2908 1328 2972 nocis

189 2998 393 3078 studentem
416 2997 472 3077 qui
489 3004 563 3079 post
584 2999 738 3080 sqnodum
754 2997 1024 3062 Matisconensem
1047 3017 1082 3061 eo
1096 3018 1130 3061 se
1145 2997 1326 3077 contulerat,

189 3085 470 3168 Bnrqundofara
504 3086 623 3166 refellit
636 3087 656 3167 ¹,
691 3107 811 3168 maqna
845 3107 915 3150 oum
948 3086 1128 3151 constantia
1156 3085 1329 3165 fraudibus

189 3174 314 3258 ‘apcius
332 3174 493 3240 obsistens.
525 3174 723 3240 Monasterii
741 3174 892 3240 terminos
908 3174 1049 3241 violabat
1063 3195 1243 3256 omnemque
1260 3174 1328 3239 eius

189 3261 375 3343 familiam
407 3265 653 3345 persequebatur
686 3264 779 3346 Aeqa
812 3263 918 3328 maior
951 3265 1077 3345 domus,
1117 3263 1207 3329 cuius
1242 3285 1329 3328 mors

191 3375 238 3418 a.
265 3357 343 3416 641.
373 3351 513 3435 oirqines
535 3373 574 3418 ec
600 3352 711 3435 aliqna
733 3358 829 3435 parte
857 3353 1023 3418 relevabat.
1069 3353 1329 3436 Bnrqundofara

191 3448 285 3525 quot
318 3440 417 3506 annis
445 3449 518 3523 post
551 3442 682 3523 iuuerit,
717 3441 848 3506 minime
882 3448 1012 3506 constat.
1070 3444 1164 3507 Inter
1200 3449 1329 3508 sanctas

193 3532 316 3596 ‘relata
338 3529 390 3595 die
414 3536 444 3593 7.
469 3530 653 3596 Decembris
676 3530 789 3595 colitur
812 3531 899 3611 apmd
927 3531 1149 3596 Usuarduml:
1172 3533 1216 3595 In
1239 3553 1328 3617 pago

193 3620 416 3684 Meldicensi
454 3624 594 3685 sanctae
629 3621 736 3685 Farae
770 3620 929 3703 virginis,
967 3640 1099 3701 quocum
1136 3620 1329 3702 epitaphium

196 3709 370 3789 quoddam
405 3707 514 3773 Caroli
548 3708 640 3773 Calui
670 3709 819 3789 *tempore
853 3708 1077 3789 compositum3
1110 3716 1139 3774 et
1167 3710 1330 3792 Martpro
1348 3729 1423 3779 ‘nm

199 3796 330 3878 dapium
367 3796 603 3862 Enoriacense⁴
640 3818 666 3861 e.
702 3819 733 3861 a.
772 3803 867 3859 1200.
906 3798 1110 3879 conueniunt,
1150 3799 1225 3862 dum
1262 3798 1330 3863 dies

196 3886 286 3949 ΙΙΙ.
326 3886 412 3949 Non.
448 3887 530 3966 Apr.
568 3885 605 3950 in
637 3884 946 3967 praescriptionibus
983 3886 1123 3952 codicum
1160 3887 1331 3966 inferioris

199 3980 303 4038 notae
319 3973 352 4036 A
369 3975 452 4038 lb³·4
467 3976 570 4039 Ionae
592 3974 716 4057 leqitur.
759 3974 948 4039 Abbatissae
965 3975 1242 4057 Burqundofarae
1265 3996 1330 4040 suc-

201 4083 329 4128 cessere
358 4062 499 4145 oirqines
527 4062 640 4144 stirpis
669 4062 776 4143 reqiue
797 4063 991 4145 Anqlornm,
1019 4063 1139 4128 seilicet
1161 4064 1328 4145 Saetlnpd,

201 4152 330 4216 Annae
359 4151 445 4232 repis
467 4152 645 4233 Anqlorum
676 4150 878 4216 orientalium
902 4151 1066 4233 prioiqna,
1098 4158 1127 4216 et
1149 4151 1328 4233 Aedilberq,

202 4239 350 4304 eiusdem
372 4240 446 4319 fllia
468 4239 650 4319 naturalis;
678 4246 846 4321 praeterea
869 4261 980 4305 earum
1002 4240 1104 4322 neptis
1126 4241 1331 4322 Earconpota

203 4328 310 4393 eidem
340 4328 531 4393 monasterio
565 4328 728 4410 adscripta
761 4329 861 4393 erat5.
920 4328 997 4394 (lum
1028 4330 1150 4409 fratres
1181 4329 1331 4414 permulti

202 4416 327 4481 ibidem
351 4417 570 4498 consedissent,
601 4416 758 4499 separatis
784 4416 910 4497 quidem
933 4418 1073 4500 aedibus,
1103 4418 1330 4484 monasterium

208 4506 315 4570 altera
338 4506 456 4570 saeculi
479 4506 560 4570 VII.
585 4512 680 4587 parte
709 4506 831 4585 factum
860 4512 905 4570 est
934 4508 1058 4591 duplex,
1088 4507 1232 4589 idemque
1261 4529 1331 4572 cum

208 4594 422 4659 Habendensi
455 4594 687 4659 coniunctionis
719 4594 874 4659 eiusmodi
905 4595 1017 4676 prima
1053 4596 1144 4675 fuere
1177 4597 1329 4680 euempla.

216 4684 304 4764 Quae
320 4682 391 4747 licet
405 4701 475 4747 cunr
495 4682 683 4749 Columbani
705 4681 862 4747 institutis
881 4705 1001 4768 parum
1019 4686 1206 4766 conueniret,
1226 4691 1331 4749 tamen

212 4792 250 4836 eu
271 4771 354 4852 ipsis
371 4778 480 4836 enorta
495 4778 549 4836 est.
588 4771 661 4835 Piis
676 4770 795 4852 puellis
813 4793 897 4837 unus
911 4774 1027 4838 alterne
1041 4795 1080 4839 eu
1092 4773 1331 4855 probatissimis

210 4859 373 4940 fratribus
396 4862 435 4925 ab
459 4860 569 4925 abbate
592 4860 788 4924 Lucooiensi
810 4862 1073 4944 appreqabontur,
1104 4868 1140 4926 ut
1161 4883 1271 4927 curam
1293 4861 1330 4926 iu

212 4948 433 5030 spiritualibus
450 4955 606 5031 parerent,
637 4970 730 5013 secus
751 4947 915 5014 muliebris
937 4971 1010 5015 mon
1032 4951 1114 5015 alios
1143 4950 1329 5031 uttrobebat,

212 5037 318 5119 itaque
339 5058 467 5103 inarum
489 5037 683 5102 monasteria
705 5056 871 5102 surrexere
893 5039 986 5104 inccta
1001 5040 1194 5121 puellarum.

216 5175 242 5241 1)
260 5176 290 5229 V.
310 5174 424 5229 Columb.
443 5175 485 5241 II,
500 5178 541 5230 10.
614 5176 642 5243 2)
662 5176 712 5230 Ed.
731 5176 870 5227 Bouillart
884 5193 914 5243 p.
929 5180 989 5233 197.
1060 5177 1089 5244 3)
1110 5176 1251 5243 Mabcllon,
1269 5179 1330 5232 ΔΑ.

216 5243 261 5300 ss.
280 5247 351 5301 saa.
370 5246 411 5311 Π,
423 5248 484 5302 449.
545 5247 574 5313 4)
597 5246 640 5310 cf.
658 5246 797 5312 uacua,
817 5248 935 5299 numm
953 5248 1011 5306 aa,
1030 5248 1058 5303 a.
1078 5248 1330 5315 suasusque.

217 5318 243 5383 5)
260 5317 342 5385 aaa,
361 5318 433 5371 aiu.
452 5318 510 5369 aar.
528 5316 587 5382 aar,
599 5320 624 5372 s.
