3184 6800
455 1295 580 1365 IONAS,
593 1297 690 1352 VITA
701 1296 891 1352 VEDAS'I'IS
909 1295 1092 1353 EPISGOPI.
1281 1300 1336 1356 805

212 1479 360 1545 animum
390 1479 435 1544 ad
462 1479 546 1544 bunc
568 1487 695 1560 purtem
724 1481 880 1545 adducere
909 1479 997 1543 nuos
1025 1500 1091 1543 esse
1117 1478 1213 1543 etiam
1235 1500 1274 1544 eu
1296 1501 1335 1544 eu

212 1590 306 1650 quam
327 1574 405 1651 post
426 1568 614 1648 baptismum
632 1568 749 1633 Auitus
771 1569 932 1649 episeopus
954 1567 1143 1632 Viennensis
1166 1570 1211 1632 ad
1232 1588 1335 1649 repom

212 1659 346 1722 dederat
368 1655 504 1738 epistula
524 1657 761 1738 pratnlatorie1
784 1657 987 1737 intellepitnr.
1037 1657 1176 1737 Utraque
1198 1656 1334 1738 epistula

211 1746 299 1811 inter
309 1767 344 1809 se
355 1744 572 1826 consentiente,
585 1745 729 1810 dubitari
742 1745 797 1810 oia
809 1746 887 1826 licet,
904 1745 992 1827 quin,
1004 1746 1187 1826 praemissu
1202 1745 1333 1827 optione,

189 1841 321 1900 eutium
337 1833 539 1898 Arianernm
563 1856 608 1899 un
631 1833 785 1899 cutbolica
809 1835 889 1913 fides
907 1835 1118 1917 approbanda
1140 1841 1227 1915 esset,
1250 1835 1335 1899 bunc

212 1945 269 1989 γεω
288 1922 424 2003 deperit.
464 1923 563 2004 Apud
582 1922 795 2005 Greporium²
810 1944 883 1988 eero
901 1924 939 1987 de
954 1922 1155 1987 Antandrum
1171 1922 1335 1989 conatibus
1392 1964 1397 1969 ,

213 2033 251 2077 ne
274 2012 403 2076 uerbum
423 2011 547 2092 quidm
564 2011 686 2092 lepitur,
710 2014 767 2076 sed
784 2011 815 2076 is
834 2017 975 2076 euentum
991 2017 1087 2076 tetnm
1107 2011 1335 2077 Obrotecbildis

213 2100 347 2182 repinee
374 2099 545 2165 cutbelicoe
567 2100 809 2182 praedicationi
837 2107 965 2181 notoque
994 2100 1149 2182 attribuit,
1180 2103 1264 2182 qued
1292 2103 1337 2166 ad

212 2188 382 2255 uictoriam
404 2187 638 2269 impetrandum
667 2188 704 2253 in
728 2189 804 2253 bello
824 2189 1041 2254 Alamanniae
1064 2209 1121 2254 reu
1142 2190 1336 2254 eebementer

189 2302 198 2340 γ
210 2277 412 2359 periclitatus
426 2277 567 2343 uouisset.
614 2276 774 2342 Victorias
788 2278 874 2360 repis
889 2277 1045 2362 baptisati
1061 2279 1207 2343 Nicetius
1225 2280 1336 2360 plures

214 2365 474 2447 omnneemoraoit,
509 2367 632 2431 nnllam
665 2387 738 2431 oero
760 2366 1012 2432 Alamannieum
1039 2388 1101 2447 per
1123 2374 1226 2431 eetnm
1254 2367 1338 2432 illud

214 2454 403 2521 cutbolicnm
432 2456 575 2536 relatum,
607 2476 735 2536 cumque
765 2457 849 2520 banc
878 2477 956 2520 sane
979 2475 1043 2537 pro
1072 2455 1335 2535 manifestissimo

213 2543 371 2609 miraculo
393 2544 570 2609 babendum
600 2565 665 2608 esse
695 2545 810 2626 nepuri
842 2544 898 2609 eie
925 2545 1037 2626 pessit,
1073 2544 1103 2609 si
1136 2566 1187 2609 res
1221 2566 1253 2609 se
1286 2543 1334 2608 itu

213 2632 406 2713 habuissent,
432 2632 558 2697 Nicetis
588 2634 672 2697 benc
704 2653 812 2697 rernm
835 2639 986 2698 naturam
1017 2633 1211 2715 incopnitam
1233 2633 1334 2712 fnisse
1370 2697 1373 2702 .

189 2721 374 2787 sconclnde.
421 2721 525 2785 Perre
554 2721 584 2785 si
613 2728 680 2785 ooto
709 2721 765 2785 illo
795 2722 840 2787 od
867 2724 962 2801 fidem
992 2722 1178 2787 catholicam
1201 2743 1258 2787 reu
1280 2724 1334 2786 ad-

211 2811 344 2875 strictus
367 2816 452 2890 esset,
477 2812 627 2891 quomedo
644 2810 739 2874 Auito
754 2817 828 2875 teste
842 2811 911 2890 fere
925 2810 962 2875 in
980 2811 1126 2875 ultimum
1147 2817 1334 2876 mornentum
1403 2836 1405 2838 ·

210 2899 347 2978 differre
373 2904 500 2980 poterut
531 2898 664 2963 liberum
692 2921 785 2964 snum
806 2899 1004 2965 arbitrium?
1049 2900 1230 2964 Enurrutie
1257 2899 1334 2965 Gre-

204 2987 353 3067 periano
376 3009 446 3052 cum
468 2993 602 3068 utraque
619 2987 754 3069 epistula
773 2988 942 3053 conciliari
956 2988 1064 3070 nequit
1079 2989 1335 3070 contrariamque

206 3083 357 3143 statuens
372 3075 551 3157 opinionem
572 3075 612 3141 G.
629 3077 739 3141 Knrtb
755 3083 816 3141 toto
830 3077 959 3156 fallitur
974 3078 1067 3142 coelo.
1107 3078 1187 3143 (lum
1201 3077 1335 3143 uictoria

203 3165 435 3231 Alamannicu
465 3164 653 3245 baptismum
682 3165 813 3230 minime
842 3166 1008 3230 cobaerere
1036 3189 1154 3231 γαεεαγα
1184 3166 1336 3231 consentit

202 3255 254 3319 A.
281 3254 411 3319 Huncb.
462 3255 568 3318 Facta
597 3253 728 3335 optione,
764 3256 1001 3336 competentem3
1035 3254 1269 3320 Oblodeoecbns
1302 3276 1335 3320 se

193 3343 379 3427 professus
412 3349 458 3408 est
491 3349 668 3424 certumque
702 3342 826 3409 dierum
861 3365 1026 3409 nnmerum
1063 3346 1252 3427 expectabat,
1291 3346 1337 3410 ud

202 3432 365 3515 baptismi
379 3438 581 3497 sacramente
599 3453 631 3497 se
642 3453 860 3514 praeparans.
904 3433 1051 3499 Caesarii
1066 3435 1170 3499 adbuc
1185 3434 1335 3499 babemus

203 3524 258 3588 ad
275 3526 476 3601 competentes
491 3542 663 3586 sermonem
676 3521 953 3604 eubortaterinm4,
970 3522 1026 3604 eni
1035 3523 1185 3606 puscbali
1200 3529 1335 3604 tempore

202 3612 248 3677 in
275 3609 459 3692 baptisterio
483 3609 738 3691 baptizabantur,
767 3612 852 3675 unde
881 3612 976 3675 etium
1005 3633 1109 3694 repom
1132 3613 1334 3676 Francorum

204 3700 321 3764 codem
344 3703 478 3780 tempore
501 3697 693 3779 baptizatum
716 3720 780 3764 esse
802 3699 938 3764 tradidit
955 3701 1173 3782 Fredeparius
1188 3701 1262 3781 HI,
1280 3706 1333 3763 21.

205 3787 301 3853 Eius
323 3808 396 3851 uero
419 3787 592 3868 baptismus
614 3809 635 3851 α
657 3787 723 3851 ritu
741 3788 900 3852 eernmuni
922 3789 1111 3853 omnimodis
1125 3790 1333 3870 discrepabat.

207 3876 328 3942 Primo
358 3875 538 3941 natiuitatis
567 3875 702 3940 Domini
732 3875 799 3941 dies
827 3876 893 3957 ipsi
922 3885 1100 3942 reservatus
1134 3884 1186 3958 est,
1222 3878 1335 3942 deinde

209 3985 351 4047 mapnus
374 3964 563 4045 pontificum
590 3971 757 4029 conuentus
784 3987 854 4030 eum
884 3965 1064 4046 baptisavit.
1111 3967 1202 4030 Haec
1225 3972 1336 4030 auctor

189 4052 345 4119 ¹omnino
367 4053 511 4134 aequalis
534 4059 665 4118 testatur
687 4053 813 4118 Aeitns.
852 4055 988 4119 Falsum
1010 4054 1110 4136 ipitnr
1132 4055 1246 4119 iterum
1269 4076 1334 4119 esse

214 4148 349 4225 oportet,
385 4141 421 4206 id
454 4145 537 4224 qnod
574 4142 749 4225 Greperins
783 4143 918 4224 rettulit,
960 4166 982 4208 a
1015 4143 1161 4225 Remipio
1193 4142 1334 4225 episcopo

214 4230 368 4296 Remensi
390 4232 454 4296 sole
478 4252 581 4314 repom
598 4232 688 4296 undu
703 4232 842 4296 salutari
857 4234 952 4296 lotam
967 4253 1041 4313 esse,
1067 4231 1167 4297 ‘clam'
1184 4255 1205 4297 α
1220 4231 1335 4314 rapina

215 4320 378 4385 arcessito.

328 4425 407 4492 Cum
439 4425 540 4509 ipitur
573 4448 594 4490 u
629 4426 760 4491 concilio
794 4426 1006 4509 episcoporum
1040 4427 1263 4493 catbelieorum
1296 4448 1335 4492 εω

189 4524 281 4581 stote
304 4515 416 4581 Gallia
438 4522 612 4596 conuocato,
638 4515 689 4581 cui
703 4516 820 4580 Auitus
842 4516 1005 4600 episcopus
1031 4516 1217 4581 Viennensis
1238 4516 1335 4581 intu-

217 4628 282 4670 esse
305 4626 370 4669 nen
386 4611 523 4688 poterat,
550 4605 783 4670 ebloeoeubus
801 4606 981 4686 baptizalus
999 4605 1157 4687 sitneque
1175 4606 1219 4670 ad
1235 4627 1334 4669 unum

217 4693 408 4776 Remipinm,
437 4694 493 4758 sed
514 4696 559 4758 ud
579 4715 685 4758 omnes
708 4694 763 4774 qui
795 4701 1007 4760 conuenerunt
1027 4715 1132 4759 seruos
1154 4693 1219 4758 Dei
1242 4701 1336 4775 eaput

218 4921 245 4991 1)
272 4921 324 4976 Ed.
342 4922 446 4989 Peipcr,
465 4922 541 4974 Anat.
560 4921 644 4987 antiq.
662 4920 710 4984 VI,
731 4938 761 4987 p.
781 4924 816 4976 75
824 4938 863 4988 sq.
906 4922 989 4973 Locos
1012 4923 1156 4974 nonnullos
1179 4922 1334 4987 unmdaoit,

215 4994 264 5045 sed
286 5008 345 5043 eum
369 4994 426 5043 ella
450 4993 545 5043 ruenda
569 4999 627 5043 tum
652 4991 783 5043 lectionem
808 4992 983 5059 dopnaeatam
1008 4991 1107 5060 legisse
1132 4996 1257 5044 nostrum
1279 5008 1336 5060 pre

189 5077 196 5116 r
215 5063 288 5132 legis
305 5068 415 5116 nostrae
432 5065 554 5128 sereumt,
573 5064 715 5115 decessoris
726 5066 772 5113 sni
783 5065 900 5131 cuemplo
912 5066 1026 5115 nimium
1044 5066 1119 5129 fisus,
1138 5064 1173 5117 Η.
1188 5064 1333 5130 ΟΙεεεαῑὶεγ,

217 5135 345 5187 ‘Oenercs
363 5134 497 5200 completus
522 5135 553 5185 dc
578 5136 651 5185 saint
669 5133 750 5199 Aeit',
769 5134 901 5200 anduni
919 5137 996 5201 1890,
1011 5152 1041 5202 p.
1057 5138 1115 5191 190.
1188 5136 1216 5199 2)
1245 5134 1334 5200 Grep,

214 5207 256 5260 H.
274 5207 324 5261 Fr.
339 5206 380 5273 II,
393 5208 427 5261 29
437 5222 491 5272 sqq.
546 5206 574 5270 3)
594 5204 646 5271 Ep.
663 5206 740 5255 Auiti
757 5205 790 5271 (l.
804 5206 821 5259 l.
839 5224 866 5272 p.
880 5209 923 5270 75,
936 5208 993 5271 27).
1047 5206 1074 5275 4)
1093 5206 1185 5272 Mipne
1196 5205 1334 5271 XXXIX,

213 5278 264 5333 cel.
278 5280 356 5333 2242.
389 5278 431 5342 Os.
451 5277 481 5331 V.
496 5277 618 5329 Caesarii
635 5276 674 5339 II,
688 5278 722 5330 17
740 5276 802 5340 (SS.
821 5293 875 5330 rer.
893 5278 993 5331 Meroe
1012 5278 1068 5344 III,
1083 5295 1113 5345 p.
1125 5280 1200 5337 490).

271 5386 345 5426 Ionas.
1122 5369 1157 5421 20
