3184 6800
400 1317 526 1386 10NAS,
539 1317 636 1372 VITA
648 1316 838 1372 VEDASTJS
856 1315 1039 1372 EPISOOPI.
1227 1321 1280 1374 319

178 1524 276 1568 esum
299 1501 486 1580 Christum,
512 1503 569 1566 cui
592 1505 645 1566 est
668 1501 802 1585 gloria⁸
818 1504 854 1564 et
876 1501 1058 1584 imperium
1082 1501 1118 1564 in
1143 1500 1281 1565 saecula

179 1591 388 1656 seculorum.
436 1592 557 1655 Amen.

324 1781 472 1851 gloriosum
492 1780 598 1833 obitum
617 1780 715 1833 urbem
733 1780 960 1834 stravetinsema
976 1779 1053 1848 obiit,
1071 1779 1119 1831 ubi
1137 1796 1216 1831 suum
1235 1781 1282 1833 be·

325 1858 401 1905 atum
421 1850 631 1920 corpuscolumb
653 1868 715 1904 oum
741 1867 847 1903 summa
865 1851 1041 1904 veneratione
1060 1851 1089 1902 in
1106 1860 1222 1919 pucem⁰
1240 1869 1282 1904 re·

326 1924 448 1992 quiescit,
468 1921 516 1976 etd
533 1923 590 1975 eius
609 1923 784 1991 sepulchrum
803 1939 866 1974 eum
885 1921 1064 1990 lampadibus,
1089 1931 1221 1989 aurume,
1240 1939 1283 1974 ar-

326 1999 448 2064 gentum,
467 1993 604 2063 lapidibus
623 1992 769 2061 praeciosis
788 1993 899 2045 clariter
916 1992 1012 2062 fulget,
1044 1991 1100 2046 Sed
1118 1992 1185 2060 quid
1202 1994 1283 2104 plura

325 2066 463 2119 referam?
499 2065 539 2118 De
558 2063 656 2134 gestas
672 2065 716 2117 vel
735 2064 844 2117 vitam&
859 2063 992 2116 virtutum
1011 2063 1103 2132 ipsius,
1129 2081 1198 2131 quae
1233 2081 1284 2133 per

326 2138 383 2190 eius
401 2136 531 2189 meritum
549 2133 699 2188 Dominusi
719 2134 863 2188 ostendere
881 2134 1009 2204 dignatus
1027 2139 1076 2202 est,
1095 2151 1188 2188 coram
1206 2152 1283 2204 prae·

326 2208 417 2261 sennia
441 2207 564 2260 fidelium
591 2224 701 2260 suorum
727 2207 841 2275 longum
867 2210 907 2258 est
932 2205 968 2258 ad
991 2206 1167 2262 narrandum.
1210 2206 1283 2276 Qua·

325 2283 446 2348 propter,
471 2279 626 2346 legentibus
651 2276 729 2330 nonk
750 2276 784 2329 sit
809 2293 923 2329 onerosa
947 2294 999 2330 nec
1018 2276 1191 2330 audientibus
1210 2277 1284 2331 fasti·

327 2350 402 2402 dium
428 2348 569 2418 generitl,
593 2350 715 2402 breviter
739 2348 962 2402 intimavimusm.
999 2348 1139 2418 Rogemus
1165 2367 1232 2418 ergo
1256 2354 1284 2402 et

327 2421 464 2474 adtentius
482 2421 623 2473 humiliter
641 2420 857 2488 supplicemusss,
876 2423 907 2470 ut
924 2418 973 2472 fiat
991 2436 1042 2487 pro
1058 2420 1137 2472 nobis
1156 2421 1184 2472 in
1202 2422 1284 2473 caelis

327 2509 419 2545 coram
439 2492 546 2544 excelso
566 2492 737 2559 intercessor,
756 2490 803 2558 qui
815 2507 866 2558 pro
879 2491 1001 2543 Christro
1019 2507 1112 2544 amore
1131 2491 1184 2543 fuit
1196 2490 1285 2545 fidelis

327 2563 466 2616 confessor
490 2580 575 2631 usque
601 2563 635 2615 ad
659 2568 776 2615 mortem
811 2562 840 2613 in
866 2563 945 2616 terris
970 2564 1033 2614 add.
1059 2564 1084 2614 B
1097 2565 1121 2617 1.
1140 2565 1183 2616 2α.
1203 2564 1226 2617 b.
1249 2595 1285 2602 -

327 2634 415 2701 Nunc,
441 2634 513 2686 sicut
537 2634 658 2704 superius
677 2633 897 2701 memoravimus,
922 2633 995 2685 unde
1013 2632 1148 2701 originem
1166 2633 1284 2701 duxerit,

327 2710 417 2758 ratum
436 2705 574 2760 ducamus.
612 2705 647 2758 In
665 2705 817 2772 Aquitania
835 2704 966 2757 oriundus
988 2703 1040 2756 fuit
1064 2705 1199 2757 nobilibus
1221 2722 1284 2772 pro·

328 2777 372 2829 cul
403 2776 486 2828 dubio
517 2776 661 2830 natalibus.
709 2779 903 2843 [Aquitaniam
935 2792 994 2826 eum
1028 2778 1131 2842 origiue
1165 2777 1287 2829 Tullmsi

327 2848 510 2900 Heuseheuius
544 2851 583 2899 ita
618 2850 772 2912 contumuit,
815 2855 845 2898 ut
879 2847 983 2899 Lenem
1016 2850 1180 2914 Aquitaniae
1217 2850 1287 2901 meus

328 2920 405 2984 fictus
429 2921 517 2970 sancti
538 2922 633 2987 petria
656 2925 829 2984 statueretur,
851 2935 904 2986 pre
929 2919 1015 2971 vertis
1039 2918 1074 2970 In
1098 2949 1130 2957 -
1149 2919 1286 2972 natalibus

328 3007 422 3042 uocum
444 2992 672 3058 interpolationem
691 2991 800 3053 addens,
826 3006 893 3057 quae
910 2994 939 3041 in
958 2991 1029 3044 Bsso
1050 2993 1201 3055 praemisso
1226 2991 1286 3043 lem-

328 3067 413 3113 mate:
431 3058 503 3112 Item
522 3061 591 3113 alius
608 3060 738 3128 prologus
757 3061 786 3112 in
804 3063 862 3112 vita
876 3060 1025 3113 beatissimi
1037 3059 1153 3113 Vedasti
1165 3060 1287 3130 episcopi

330 3135 439 3184 Alcuiui
463 3135 604 3199 epistulam
629 3133 797 3199 subsequitur
822 3138 900 3199 atque
924 3134 961 3182 ad
985 3135 1151 3184 enuntiarem
1175 3135 1286 3186 codicem

325 3207 450 3270 pertinet,
468 3205 533 3255 dum
545 3205 627 3256 Ionae
639 3205 795 3271 opusculum
809 3204 919 3255 schedas
930 3210 1020 3269 postea
1032 3206 1149 3256 insertas
1161 3211 1286 3271 occupat:

330 3273 478 3341 Aquitania
496 3279 619 3327 montem
637 3274 728 3340 habet,
754 3273 802 3341 qui
827 3274 968 3342 equalibus
985 3291 1056 3343 pene
1074 3274 1173 3341 spaciis
1191 3274 1286 3327 Petra-

329 3346 451 3416 goricam
470 3349 497 3397 et
516 3345 693 3398 Lemovicum
713 3345 837 3398 civitates
856 3346 967 3403 dirimit.
1004 3345 1087 3398 Mons
1105 3346 1152 3399 ille
1170 3363 1286 3417 magnus

330 3423 357 3469 et
375 3419 416 3470 sui
431 3418 583 3485 quantitate
602 3418 719 3470 multum
738 3422 811 3471 terre
830 3434 974 3486 occupans,
997 3418 1079 3543 longe
1097 3418 1207 3486 lateque
1226 3420 1286 3471 alti-

329 3488 425 3541 tudine
443 3488 501 3541 fere
519 3490 606 3542 nubes
624 3494 778 3558 penetrans,
799 3490 821 3542 si
838 3507 935 3557 graves
954 3491 1015 3544 siut.
1068 3507 1137 3557 uper
1155 3507 1287 3544 cacumen

330 3560 386 3612 eius
412 3559 529 3627 antiquis
556 3564 583 3612 et
608 3560 747 3627 preteritis
772 3562 890 3613 statibus
916 3561 1052 3615 incertum
1078 3579 1113 3613 an
1138 3561 1233 3615 civitas
1252 3580 1287 3615 an

330 3635 448 3683 castrum
478 3631 560 3683 situm
591 3630 659 3701 fuit,
690 3631 766 3683 cuius
797 3632 989 3686 enormitatem
1020 3637 1048 3685 et
1077 3633 1287 3687 munitissimam

329 3700 561 3770 magnificentiam
586 3702 727 3754 ruinarum
754 3702 855 3755 indicia
881 3708 907 3755 et
932 3704 1018 3756 moles
1044 3703 1134 3757 diruta
1157 3705 1221 3757 satis
1240 3706 1287 3759 de·

329 3777 490 3839 monstrant,
518 3777 620 3840 quanta
639 3773 721 3825 fuerit
739 3790 783 3825 res
807 3774 887 3841 *ipsa
923 3773 1032 3827 Nomen
1050 3775 1151 3827 montis
1169 3792 1203 3827 ex
1221 3780 1287 3829 tunc

331 3848 358 3896 et
375 3861 449 3896 nunc
468 3844 576 3897 Leucus
595 3848 650 3911 est;
676 3861 709 3897 ex
729 3844 840 3897 nomine
859 3845 959 3897 montis
978 3849 1097 3897 castrum
1117 3845 1184 3898 illud
1203 3846 1288 3899 etiam

329 3932 430 3967 nomeu
456 3915 583 3967 sortitum
609 3919 661 3983 est,
692 3914 739 3967 sed
765 3919 793 3967 et
817 3916 935 3983 populus
959 3915 1079 3984 regionis
1104 3917 1176 3969 illius
1201 3918 1288 3970 Leuci

330 3991 393 4038 sunt
423 3986 498 4054 dicti,
528 3986 649 4038 maxima
678 4003 742 4054 pars
769 3985 919 4053 Aquitanis
949 4003 1033 4054 usque
1063 3988 1092 4039 in
1122 3987 1286 4044 Occeanum.

330 4056 423 4110 Testes
449 4060 511 4109 sunt
536 4061 669 4126 perpetua
693 4058 767 4109 fama
790 4062 819 4110 et
836 4058 928 4126 plures
947 4057 1081 4125 scripture
1099 4059 1174 4111 iamt)
1198 4060 1287 4130 hodie,

331 4128 403 4196 quod
429 4127 476 4180 illa
502 4129 595 4180 omnia
620 4129 658 4180 ita
683 4132 885 4195 nuncupantur.
922 4129 963 4182 De
981 4129 1080 4182 Leucis
1107 4145 1172 4198 ergo
1191 4131 1287 4184 beatus

330 4198 468 4253 Vedastus
499 4199 629 4252 oriundus
659 4199 719 4267 fuit,
749 4200 888 4253 nobilibus
911 4202 1008 4267 procul
1033 4200 1117 4254 dubio
1142 4202 1288 4268 natalibus,

330 4272 457 4338 prosapia
482 4271 552 4323 sicut
577 4272 704 4339 ingenua,
734 4271 773 4323 its
798 4271 899 4340 insigni
929 4276 956 4325 et
981 4272 1097 4340 famosa,
1128 4273 1287 4342 prediorum

331 4341 473 4394 affluentia
491 4346 518 4394 et
536 4342 724 4394 habundantia
743 4342 900 4395 divitiarum
918 4343 1131 4413 locupletissimi,
1155 4349 1186 4397 ut
1203 4346 1289 4399 nichil

331 4412 365 4466 de
389 4412 504 4465 seculari
530 4412 648 4465 defuerit
673 4414 768 4482 gloria.
807 4414 881 4467 Puer
910 4414 1000 4467 studio
1030 4415 1184 4468 litterarum
1214 4416 1289 4469 felici

332 4484 452 4551 auspicio
471 4484 642 4552 mancipatus
661 4489 710 4553 est,
735 4503 800 4538 nam
824 4485 915 4538 omnia
934 4503 987 4553 que
1006 4486 1041 4539 ad
1059 4487 1214 4540 institutum
1232 4492 1288 4541 stu-

332 4654 385 4702 Cap.
400 4655 433 4693 10.
462 4654 523 4694 Ala.
534 4655 554 4694 2.
566 4655 600 4696 3a.
612 4656 632 4695 b.
644 4667 661 4694 e.
682 4656 702 4694 B
709 4657 728 4694 1.
739 4656 773 4697 aa.
783 4658 803 4695 b.
814 4658 849 4694 aa.

279 4742 339 4790 Gap.
355 4744 388 4781 10.
417 4744 438 4793 a)
457 4744 489 4780 itu
506 4744 567 4795 Ara,
586 4744 623 4782 ubi
641 4744 741 4793 Explicit
759 4746 807 4783 vita
824 4746 895 4783 sancti
910 4743 1002 4784 Vedastl
1020 4758 1049 4785 m.
1070 4748 1100 4789 ul.
1114 4747 1175 4795 add.;
1198 4748 1235 4786 cui
1256 4753 1290 4787 est

179 4806 245 4835 ronor
260 4800 282 4832 et
296 4796 310 4834 i.
326 4795 406 4845 (gloria
420 4798 481 4835 Ata.
494 4797 512 4846 c)
533 4798 557 4835 in
571 4799 648 4836 secula
662 4799 795 4839 seculorum.
816 4798 889 4837 Amen
902 4799 963 4837 Ait.
975 4800 1009 4838 aa.
1021 4811 1043 4848 03
1063 4801 1099 4838 cul
1114 4806 1148 4839 est
1162 4799 1189 4853 etl
1203 4799 1290 4852 lExplid

179 4848 209 4901 riu
231 4848 296 4897 A3b3
321 4848 365 4898 (eui
380 4872 403 4879 -
419 4851 537 4898 imperium
559 4851 610 4901 em.)
631 4852 655 4889 in
673 4852 749 4890 secula
770 4852 903 4892 seculorum.
925 4853 1004 4894 Amen.
1030 4853 1131 4901 Explicit
1150 4854 1198 4892 vita
1218 4856 1290 4892 suncti

179 4900 267 4943 iedasti
281 4902 380 4951 episcopi
393 4904 445 4952 A23
467 4904 503 4941 oui
525 4910 558 4942 est
578 4905 657 4952 honor,
678 4906 728 4942 laus
749 4903 825 4954 (decus
839 4905 908 4955 B2b),
927 4907 1007 4956 virtus,
1022 4908 1093 4953 gloria
1107 4907 1138 4956 (et
1153 4908 1205 4945 aad.
1220 4908 1289 4957 Bae),

179 4966 267 5005 egnum
285 4957 445 5004 sempiternum
463 4968 524 4995 nunc
547 4963 570 4995 et
592 4957 690 5006 (semper
713 4959 763 4997 aad.
783 4958 845 5008 aaa)
867 4969 907 5006 per
927 4959 1014 4997 infinita
1033 4961 1122 4998 saecula
1142 4961 1290 5002 saeculorum.

179 5011 252 5049 lmen.
281 5008 382 5058 Explicit
395 5011 443 5048 vite
456 5010 529 5048 sancti
544 5011 635 5049 vedasti
648 5011 756 5060 (episcopi
770 5012 820 5052 add.
835 5013 895 5050 aaa.
907 5012 927 5062 t)
941 5013 987 5053 Bl.
997 5014 1030 5051 ta.
1042 5014 1062 5051 t.

280 5063 343 5109 cap.
354 5063 388 5105 10,
408 5064 489 5102 Nota.
516 5064 826 5113 a)u.AtrabstensemBaa;
842 5066 1127 5105 urbeatravetenseaae.
1176 5066 1198 5116 b)
1209 5077 1291 5116 corpus

179 5117 266 5155 eclimus
280 5127 330 5153 cum
344 5117 403 5156 Bas.
457 5117 477 5167 c)
492 5127 547 5165 pace
561 5118 627 5164 Bam
643 5118 666 5155 in
681 5129 703 5165 p.
719 5129 736 5155 r.
751 5128 792 5155 em.
808 5118 868 5158 Bae,
922 5116 1136 5167 mutinenses.
1191 5121 1211 5171 e)
1226 5131 1290 5170 auro,

179 5173 265 5217 ugente
280 5169 340 5207 Bae.
416 5170 433 5220 t)
453 5171 484 5207 ita
498 5171 562 5218 ΒΞας
582 5170 676 5220 iesta(?)
690 5182 719 5209 m.
735 5171 764 5209 al.
779 5182 836 5209 com.
852 5172 919 5218 gestis
933 5173 973 5210 Bl
988 5176 1007 5210 et
1021 5174 1053 5210 stc
1066 5174 1126 5211 Bae.
1201 5177 1225 5224 g)
1243 5175 1291 5213 vita

179 5224 264 5262 Mat.
327 5222 350 5273 h)
365 5225 396 5261 ita
410 5225 506 5273 Btmtm
528 5234 648 5271 perquem
662 5224 709 5262 Bl.
770 5224 786 5273 i)
801 5235 842 5266 om,
855 5225 915 5265 Bas.
976 5225 1000 5275 k)
1014 5237 1055 5264 scr.
1070 5237 1106 5264 ne.
1168 5226 1184 5274 l)
1199 5234 1291 5273 generet

179 5277 241 5324 32u;
261 5282 371 5324 generent
384 5278 443 5316 Bae.
510 5278 539 5327 m)
558 5278 686 5315 intimamus
699 5277 746 5325 Bl,
763 5288 819 5315 corr.
892 5279 916 5327 n)
930 5278 962 5315 tte
976 5280 1037 5317 Bta.
1053 5280 1077 5328 ὃς
1098 5280 1229 5328 subpliciter
1243 5282 1290 5320 Bl.

179 5331 193 5381 ι)
208 5329 300 5370 Christo
310 5340 347 5377 pr.
363 5341 391 5369 m.
407 5331 454 5368 131.
510 5330 533 5380 p)
548 5331 665 5379 scripture.
687 5330 743 5369 Nam
757 5331 779 5370 h.
795 5330 857 5369 aaa.

1306 3792 1339 3839 tp.
1350 3790 1398 3829 era
