3184 6800
287 1309 342 1364 300
529 1302 655 1374 IONAS,
667 1303 764 1360 VITA
776 1303 965 1358 VEDASTIS
983 1303 1168 1360 EPISOOPI.
1247 1377 1249 1380 Α
1322 1263 1324 1269 Ι

288 1495 365 1568 erat,
389 1487 445 1569 qui
468 1487 539 1552 ticet
559 1486 683 1552 mendis
697 1486 897 1567 hiatibusque
912 1508 977 1550 non
1000 1493 1116 1567 careat,
1142 1493 1247 1551 tamen
1268 1486 1377 1567 reliquos
1422 1490 1423 1497 ’

287 1577 377 1660 tenqe
406 1582 542 1658 superat.
589 1575 688 1640 Isiber
714 1575 799 1640 enim
821 1577 886 1639 Ae
917 1576 1006 1640 heud
1033 1596 1111 1641 raro
1141 1575 1191 1640 ita
1219 1581 1378 1640 retractatus

287 1672 340 1745 est,
359 1671 395 1729 nt
413 1664 541 1729 omnino
560 1664 687 1730 diuersa
699 1665 860 1745 praebeat,
884 1669 914 1728 et
928 1664 960 1726 A
970 1670 1022 1729 3a.
1036 1666 1063 1729 b.
1076 1686 1101 1745 c,
1126 1664 1271 1745 equibus
1285 1663 1379 1728 Athe

281 1754 515 1837 propinquiore
538 1753 702 1833 affinitate
724 1753 808 1817 inter
826 1774 858 1817 se
881 1753 1040 1818 coniuncti
1062 1759 1145 1834 sunt,
1169 1774 1209 1817 ea
1232 1755 1330 1818 eodem
1346 1773 1379 1816 er-

228 1912 230 1917 ,
287 1842 421 1924 emptori
449 1843 638 1923 interpolato
673 1841 841 1922 hiemeque
873 1844 1018 1922 pendent.
1077 1841 1295 1906 Consentiente
1320 1841 1401 1905 tibris

287 1934 318 1994 A
337 1941 375 1996 la
398 1953 468 1996 cum
486 1932 519 1994 A
532 1939 561 2010 2,
585 1952 662 1995 oera
684 1930 772 1995 tectio
795 1952 861 1994 non
884 1951 1004 2012 semper
1026 1930 1170 2010 eflicitur
1179 1931 1201 2010 ¹,
1225 1952 1319 2011 neque
1337 1930 1379 1994 cat·

180 2042 214 2087 ·.
251 2047 269 2087 s.
287 2021 355 2085 croto
385 2020 418 2084 B
445 2019 574 2100 adiecto,
609 2040 661 2083 res
694 2019 809 2100 ubique
844 2019 1008 2100 deciditur,
1044 2041 1114 2084 cum
1149 2019 1228 2084 iibri
1257 2017 1380 2083 ‘Aah

286 2108 410 2173 mendis
432 2108 596 2189 inquinati
619 2129 684 2173 esse
706 2108 876 2172 videantur
897 2107 1012 2172 iisdem
1021 2110 1042 2170 ².
1089 2109 1243 2172 Attamen
1267 2109 1379 2189 plerum·

286 2218 344 2279 que
374 2196 518 2262 lectiones
541 2196 658 2261 codicis
680 2197 712 2259 A
732 2205 771 2259 la
795 2197 898 2261 attera
926 2196 1116 2275 recensione,
1147 2196 1301 2280 inprimis
1320 2202 1379 2260 rete·

286 2285 423 2350 stissimo
446 2285 548 2350 codice
570 2286 604 2349 B
619 2293 645 2366 l,
676 2287 918 2365 confirmentur,
950 2307 1019 2350 cum
1042 2285 1252 2366 interpolator
1274 2285 1409 2350 stotidna

286 2396 350 2439 non
379 2376 478 2439 multa
507 2374 721 2439 immutaverit
748 2380 805 2437 aut
827 2373 990 2438 addiderit
1012 2381 1068 2438 aut
1091 2374 1241 2454 omiserit,
1265 2377 1317 2438 sed
1336 2379 1379 2438 tro·

285 2464 354 2528 dita
382 2465 450 2543 fere
472 2462 653 2554 seruaverit,
677 2469 769 2543 atque
791 2463 888 2527 etiam
910 2483 991 2544 qnae
1013 2463 1065 2528 hic
1086 2463 1155 2545 ipse
1176 2465 1262 2528 sotus
1283 2461 1381 2527 erhibrt

283 2552 495 2634 qrammatice
518 2552 673 2616 nonnette
697 2552 906 2633 apprehende
929 2559 1038 2616 erant:

347 2649 420 2706 cl.
445 2663 615 2724 quamque
638 2636 753 2724 finem]
779 2647 858 2705 recte
881 2641 914 2704 B
933 2648 963 2717 1;
996 2641 1038 2719 cf.
1065 2662 1165 2721 snpra
1189 2663 1225 2722 p.
1251 2649 1321 2722 291,
1337 2645 1380 2716 24,-

346 2752 370 2795 c.
389 2738 419 2794 9.
444 2733 488 2794 ad
511 2726 574 2814 vir]
599 2736 679 2793 recte
696 2752 750 2811 pr.
774 2751 815 2793 m.
840 2729 874 2792 B
887 2736 918 2806 1;
944 2730 986 2809 cf.
1009 2751 1109 2810 supro
1124 2752 1164 2814 p.
1182 2736 1236 2794 57.
1392 2743 1408 2783 1⁶

285 2819 329 2883 In
351 2819 432 2900 ipsis
450 2818 702 2900 orthoqraphicis
718 2819 751 2881 A
768 2828 816 2881 le.
836 2818 870 2881 B
886 2827 900 2881 1
923 2839 1162 2899 nonnumquam
1181 2816 1382 2894 convenienti·

284 2908 536 2989 discrepantibus
564 2928 637 2971 cero
666 2906 780 2970 iisdem
808 2907 894 2971 inter
916 2928 957 2987 se,
989 2907 1105 2972 codicis
1128 2908 1160 2970 A
1177 2916 1218 2972 la
1245 2902 1382 2973 scribnsd'

283 2997 440 3061 rationem
473 2996 510 3060 in
543 2995 726 3060 uniuersum
759 2995 1007 3076 anteposuimus,
1050 2996 1187 3079 acceptis
1221 2996 1383 3062 lectionibus

283 3087 464 3170 inpertivit,
486 3086 683 3170 prophanis
701 3086 883 3162 beatisimi,
901 3085 1046 3165 omnique
1061 3084 1217 3150 eiusmodi
1232 3102 1384 3170 suppresso

284 3174 510 3254 discrepantia.
557 3174 729 3237 Praeterea
752 3173 898 3237 lectiones
921 3173 1085 3238 uariantes
1107 3195 1146 3238 ec
1167 3181 1300 3256 utroque
1321 3174 1413 3239 taron

278 3264 394 3342 ptenes
425 3262 654 3343 adnotavimus,
690 3262 830 3326 codicum
862 3268 967 3327 antem
996 3262 1191 3343 reliquorum
1218 3260 1387 3345 peculiaria

284 3351 412 3432 sinpnta
435 3350 666 3433 suppressimus
688 3356 717 3415 et
739 3352 833 3432 Alb,
868 3350 984 3416 codicis
1006 3351 1039 3415 A
1054 3359 1093 3415 la
1117 3353 1255 3432 affinem
1279 3356 1387 3435 depone

283 3447 397 3520 ratum,
434 3441 498 3504 nisi
532 3461 609 3503 raro
643 3461 708 3504 non
742 3441 967 3504 consuluimus.
1019 3440 1148 3506 Codices
1182 3442 1251 3522 ipse
1285 3434 1389 3507 centuti

276 3535 407 3609 praeter
426 3529 581 3610 popinam
597 3528 673 3593 tibri
688 3530 752 3592 As
773 3550 880 3593 errore
896 3552 916 3593 a
932 3551 981 3594 me
1000 3530 1273 3612 praetermissam,
1298 3548 1389 3613 quere,

282 3617 489 3682 intercedente
512 3617 655 3682 Henrico
683 3618 796 3682 Orrront
817 3640 846 3681 u.
871 3640 906 3697 c.,
938 3640 959 3681 a
987 3618 1143 3683 Cuissard
1166 3616 1421 3685 bibliothecarios

282 3706 513 3770 Aureh'anensi
537 3707 682 3771 cottatam
706 3707 831 3787 accepi·
854 3709 899 3770 ad
914 3728 965 3770 eos
980 3706 1093 3787 quibus
1116 3707 1192 3771 otim
1213 3730 1292 3773 risus
1314 3725 1391 3773 eran

281 3817 367 3860 nunc
390 3795 509 3860 accedit
531 3797 626 3859 coderc
647 3795 681 3858 B
694 3803 736 3859 3a
759 3818 780 3859 a
803 3796 854 3859 W.
874 3795 1013 3859 Leoisen
1042 3796 1145 3861 sedati
1168 3819 1236 3861 meo
1261 3800 1391 3863 collatus·

388 3903 451 3966 Du
479 3902 606 3967 Chesn
616 3924 640 3982 e,
676 3902 845 3966 Historiae
875 3904 1079 3966 Francorum
1113 3903 1285 3983 scriptores
1319 3923 1391 3968 coer

281 3990 377 4071 tanei,
409 3991 549 4055 Parisiis
576 3997 669 4072 1636,
701 3998 770 4055 tom.
797 3991 827 4070 I,
854 4013 889 4071 p.
911 3998 985 4053 523.
1011 3997 1084 4072 524,
1117 3992 1210 4056 Vitae
1237 3999 1392 4076 parteme

281 4079 383 4145 codiee
405 4080 438 4143 B
451 4088 493 4144 ‘Aa
512 4080 635 4163 pnbtioi
656 4080 741 4143 iuris
763 4080 847 4158 fecit.
891 4081 1001 4143 Totam
1023 4101 1096 4143 nero
1119 4080 1237 4145 tibrum
1404 4092 1421 4132 ³⁰

392 4186 431 4251 G.
449 4187 490 4250 H
493 4186 745 4266 enschenius,
765 4186 849 4250 Acte
866 4187 1064 4266 Sanctorum,
1089 4188 1289 4269 Antnerpiae
1307 4195 1390 4265 1658,

280 4275 376 4339 Febr.
401 4282 471 4339 tom.
489 4277 518 4356 I,
538 4298 573 4356 p.
591 4281 772 4339 792—794
799 4274 857 4355 (2-
880 4275 1173 4357 Ghesquierns,
1198 4278 1285 4341 Acte
1305 4279 1391 4342 Seno·

280 4370 382 4428 torum
416 4364 525 4444 Betqii
557 4370 649 4444 1784,
683 4365 734 4445 ΙΙ,
768 4386 802 4448 p.
828 4363 988 4444 3842)
1017 4364 1146 4445 primns
1180 4366 1291 4444 edidit,
1325 4384 1392 4430 usus

281 4453 437 4518 codicibus
459 4453 524 4517 133
550 4460 578 4517 et
601 4453 735 4517 editione
753 4455 969 4533 praecedent.

386 4560 431 4623 H.
457 4582 484 4622 o.
511 4560 537 4623 S
543 4560 717 4640 chnbert,
744 4557 818 4623 ‘Die
843 4559 1089 4641 Unternerfnnp
1112 4561 1169 4624 der
1192 4562 1423 4626 Alemanneub

279 4654 373 4712 nnter
388 4648 439 4712 die
453 4648 629 4730 Franhen',
653 4648 863 4729 Arqenterati
883 4656 976 4729 1881,
995 4670 1030 4729 p.
1048 4656 1240 4730 ‘elo-22⁴2,
1267 4651 1394 4716 codicem

279 4738 342 4801 Bl
368 4737 613 4819 imprimendum
637 4736 770 4802 curacit.

280 5002 306 5066 1)
325 5002 366 5066 Os.
379 5017 399 5054 c.
414 5005 429 5054 7
436 5018 442 5051 :
459 5000 514 5051 ritu
528 4998 688 5068 sacrificata]
701 5001 768 5063 reth,
787 5005 817 5049 ut
829 5017 914 5065 supra
922 5018 931 5059 ,·
949 4999 1004 5051 ritu
1017 5003 1123 5051 sacrata
1135 5003 1160 5051 A
1170 5005 1212 5056 la.
1226 5005 1252 5057 2.
1308 5005 1337 5070 2)
1359 5004 1397 5068 Gt.

279 5088 299 5125 c.
315 5076 342 5126 1:
362 5072 467 5141 verum]
488 5075 518 5123 ut
537 5088 599 5122 eum
616 5074 679 5130 AQ-
699 5075 791 5122 utrum
805 5088 852 5136 pr.
869 5088 903 5124 m.
922 5072 983 5131 Bl;
1001 5087 1020 5124 a.
1036 5075 1064 5125 2:
1084 5072 1118 5122 ab
1136 5074 1264 5141 utroque]
1287 5078 1363 5129 Ala.
1376 5075 1398 5125 b.

279 5144 363 5203 3b.c,·
389 5143 465 5210 (h)ao
490 5160 514 5193 u.
543 5144 599 5196 Ae.
627 5144 683 5197 Bl.
698 5146 740 5195 2a.
755 5142 777 5195 b.
869 5146 897 5207 3)
927 5142 959 5195 Ε.
979 5159 1021 5207 qr.
1048 5142 1270 5213 caelebemimee,
1296 5146 1424 5211 caeler;4

279 5214 439 5282 relegionis3
466 5213 572 5281 faverit,
595 5213 763 5281 properarem
792 5212 896 5280 aurire3
923 5214 1137 5280 commiteretur,
1164 5213 1302 5269 ferronem
1321 5220 1400 5273 Ale.
