<?xml version="1.0" encoding="UTF-8"?>
<!DOCTYPE html PUBLIC "-//W3C//DTD XHTML 1.0 Transitional//EN"
    "http://www.w3.org/TR/xhtml1/DTD/xhtml1-transitional.dtd">
<html xmlns="http://www.w3.org/1999/xhtml" xml:lang="en" lang="en">
 <head>
  <title>
</title>
<meta http-equiv="Content-Type" content="text/html;charset=utf-8" />
  <meta name='ocr-system' content='tesseract 3.04.00' />
  <meta name='ocr-capabilities' content='ocr_page ocr_carea ocr_par ocr_line ocrx_word'/>
</head>
<body>
  <div class='ocr_page' id='page_1' title='image "./ionaevitaesanct00jonagoog_0326.png"; bbox 0 0 3184 6800; ppageno 0'>
   <div class='ocr_carea' id='block_1_1' title="bbox 325 1333 1206 1404">
    <p class='ocr_par' dir='ltr' id='par_1_1' title="bbox 325 1333 1206 1404">
     <span class='ocr_line' id='line_1_1' title="bbox 325 1333 1206 1404; baseline -0.003 -9"><span class='ocrx_word' id='word_1_1' title='bbox 325 1342 379 1395; x_wconf 83' lang='grc'><em>308</em></span> <span class='ocrx_word' id='word_1_2' title='bbox 565 1335 691 1404; x_wconf 87' lang='lat' dir='ltr'><em>IONAS,</em></span> <span class='ocrx_word' id='word_1_3' title='bbox 704 1335 802 1390; x_wconf 79' lang='lat' dir='ltr'><em>VITA</em></span> <span class='ocrx_word' id='word_1_4' title='bbox 814 1333 1003 1389; x_wconf 76' lang='lat' dir='ltr'><em>VEDASTIS</em></span> <span class='ocrx_word' id='word_1_5' title='bbox 1021 1333 1206 1392; x_wconf 76' lang='lat' dir='ltr'><em>EPISOOPI.</em></span> 
     </span>
    </p>
   </div>
   <div class='ocr_carea' id='block_1_2' title="bbox 326 1514 1520 1690">
    <p class='ocr_par' dir='ltr' id='par_1_2' title="bbox 326 1514 1520 1690">
     <span class='ocr_line' id='line_1_2' title="bbox 326 1514 1520 1600; baseline -0.008 -16"><span class='ocrx_word' id='word_1_6' title='bbox 326 1520 440 1584; x_wconf 82' lang='lat' dir='ltr'><em>labere</em></span> <span class='ocrx_word' id='word_1_7' title='bbox 463 1541 528 1585; x_wconf 93' lang='lat' dir='ltr'><em>non</em></span> <span class='ocrx_word' id='word_1_8' title='bbox 545 1524 680 1600; x_wconf 90' lang='lat' dir='ltr'><em>poterat,</em></span> <span class='ocrx_word' id='word_1_9' title='bbox 704 1539 768 1600; x_wconf 80' lang='lat' dir='ltr'><em>qua</em></span> <span class='ocrx_word' id='word_1_10' title='bbox 791 1540 823 1582; x_wconf 93' lang='lat' dir='ltr'><em>a.</em></span> <span class='ocrx_word' id='word_1_11' title='bbox 840 1523 915 1580; x_wconf 90' lang='grc'><strong>507.</strong></span> <span class='ocrx_word' id='word_1_12' title='bbox 937 1518 1060 1581; x_wconf 77' lang='grc'><strong>06000</strong></span> <span class='ocrx_word' id='word_1_13' title='bbox 1079 1514 1227 1582; x_wconf 78' lang='lat' dir='ltr'><em>Francos</em></span> <span class='ocrx_word' id='word_1_14' title='bbox 1243 1516 1354 1599; x_wconf 87' lang='lat' dir='ltr'><em>potitos</em></span> <span class='ocrx_word' id='word_1_15' title='bbox 1371 1536 1417 1580; x_wconf 87' lang='lat' dir='ltr'><em>esso</em></span> <span class='ocrx_word' id='word_1_16' title='bbox 1492 1530 1520 1590; x_wconf 65' lang='lat' dir='ltr'><em>‘p</em></span> 
     </span>
     <span class='ocr_line' id='line_1_3' title="bbox 326 1603 1418 1690; baseline -0.005 -18"><span class='ocrx_word' id='word_1_17' title='bbox 326 1607 433 1690; x_wconf 91' lang='lat' dir='ltr'><em>uoluit,</em></span> <span class='ocrx_word' id='word_1_18' title='bbox 464 1614 556 1689; x_wconf 77' lang='lat' dir='ltr'><em>atquo</em></span> <span class='ocrx_word' id='word_1_19' title='bbox 580 1613 750 1690; x_wconf 86' lang='lat' dir='ltr'><em>practerea</em></span> <span class='ocrx_word' id='word_1_20' title='bbox 773 1628 843 1671; x_wconf 93' lang='lat' dir='ltr'><em>cum</em></span> <span class='ocrx_word' id='word_1_21' title='bbox 866 1605 1068 1669; x_wconf 85' lang='lat' dir='ltr'><em>Arianorum</em></span> <span class='ocrx_word' id='word_1_22' title='bbox 1097 1605 1207 1671; x_wconf 89' lang='lat' dir='ltr'><em>studia</em></span> <span class='ocrx_word' id='word_1_23' title='bbox 1237 1605 1337 1671; x_wconf 88' lang='lat' dir='ltr'><em>auimi</em></span> <span class='ocrx_word' id='word_1_24' title='bbox 1356 1603 1418 1685; x_wconf 79' lang='lat' dir='ltr'><em>repis</em></span> 
     </span>
    </p>
   </div>
   <div class='ocr_carea' id='block_1_3' title="bbox 326 1693 1520 2134">
    <p class='ocr_par' dir='ltr' id='par_1_3' title="bbox 326 1693 1520 2134">
     <span class='ocr_line' id='line_1_4' title="bbox 327 1693 1418 1778; baseline -0.003 -17"><span class='ocrx_word' id='word_1_25' title='bbox 327 1697 531 1762; x_wconf 78' lang='lat' dir='ltr'><em>Francorum</em></span> <span class='ocrx_word' id='word_1_26' title='bbox 555 1695 711 1778; x_wconf 86' lang='lat' dir='ltr'><em>capiendi,</em></span> <span class='ocrx_word' id='word_1_27' title='bbox 742 1702 808 1759; x_wconf 93' lang='lat' dir='ltr'><em>tum</em></span> <span class='ocrx_word' id='word_1_28' title='bbox 831 1695 899 1759; x_wconf 93' lang='lat' dir='ltr'><em>alia</em></span> <span class='ocrx_word' id='word_1_29' title='bbox 922 1693 1089 1775; x_wconf 86' lang='lat' dir='ltr'><em>rclipionis</em></span> <span class='ocrx_word' id='word_1_30' title='bbox 1111 1715 1210 1759; x_wconf 87' lang='lat' dir='ltr'><em>causa</em></span> <span class='ocrx_word' id='word_1_31' title='bbox 1234 1701 1418 1777; x_wconf 75' lang='grc'><strong>0010000-</strong></span> 
     </span>
     <span class='ocr_line' id='line_1_5' title="bbox 326 1782 1420 1865; baseline -0.005 -15"><span class='ocrx_word' id='word_1_32' title='bbox 326 1785 416 1850; x_wconf 89' lang='lat' dir='ltr'><em>misit</em></span> <span class='ocrx_word' id='word_1_33' title='bbox 433 1792 490 1851; x_wconf 92' lang='lat' dir='ltr'><em>aut</em></span> <span class='ocrx_word' id='word_1_34' title='bbox 506 1784 691 1849; x_wconf 83' lang='lat' dir='ltr'><em>immutavit.</em></span> <span class='ocrx_word' id='word_1_35' title='bbox 724 1784 779 1849; x_wconf 91' lang='lat' dir='ltr'><em>Ita</em></span> <span class='ocrx_word' id='word_1_36' title='bbox 790 1782 1061 1865; x_wconf 85' lang='lat' dir='ltr'><em>Burpundionum</em></span> <span class='ocrx_word' id='word_1_37' title='bbox 1078 1785 1162 1864; x_wconf 77' lang='lat' dir='ltr'><em>quod</em></span> <span class='ocrx_word' id='word_1_38' title='bbox 1176 1784 1319 1849; x_wconf 87' lang='lat' dir='ltr'><em>Francis</em></span> <span class='ocrx_word' id='word_1_39' title='bbox 1335 1789 1420 1848; x_wconf 88' lang='lat' dir='ltr'><em>contra</em></span> 
     </span>
     <span class='ocr_line' id='line_1_6' title="bbox 332 1870 1507 1953; baseline -0.007 -14"><span class='ocrx_word' id='word_1_40' title='bbox 332 1874 452 1940; x_wconf 79' lang='lat' dir='ltr'><em>Gothos</em></span> <span class='ocrx_word' id='word_1_41' title='bbox 481 1897 510 1938; x_wconf 94' lang='lat' dir='ltr'><em>a.</em></span> <span class='ocrx_word' id='word_1_42' title='bbox 537 1879 599 1937; x_wconf 92' lang='grc'><em>507</em></span> <span class='ocrx_word' id='word_1_43' title='bbox 605 1926 610 1938; x_wconf 95' lang='grc'><strong>.</strong></span> <span class='ocrx_word' id='word_1_44' title='bbox 636 1874 776 1937; x_wconf 85' lang='lat' dir='ltr'><em>tulerant</em></span> <span class='ocrx_word' id='word_1_45' title='bbox 801 1871 962 1937; x_wconf 80' lang='lat' dir='ltr'><em>auritium</em></span> <span class='ocrx_word' id='word_1_46' title='bbox 984 1871 1112 1936; x_wconf 87' lang='lat' dir='ltr'><em>omniuo</em></span> <span class='ocrx_word' id='word_1_47' title='bbox 1141 1873 1343 1953; x_wconf 74' lang='lat' dir='ltr'><em>suppressill,</em></span> <span class='ocrx_word' id='word_1_48' title='bbox 1371 1870 1441 1937; x_wconf 75' lang='lat' dir='ltr'><em>odias</em></span> <span class='ocrx_word' id='word_1_49' title='bbox 1497 1892 1507 1931; x_wconf 72' lang='grc'><strong>3</strong></span> 
     </span>
     <span class='ocr_line' id='line_1_7' title="bbox 327 1961 1520 2042; baseline -0.006 -15"><span class='ocrx_word' id='word_1_50' title='bbox 327 1962 528 2027; x_wconf 81' lang='lat' dir='ltr'><em>Arianorum</em></span> <span class='ocrx_word' id='word_1_51' title='bbox 552 1962 663 2026; x_wconf 78' lang='lat' dir='ltr'><em>bellum</em></span> <span class='ocrx_word' id='word_1_52' title='bbox 687 1967 867 2027; x_wconf 91' lang='lat' dir='ltr'><em>commotum</em></span> <span class='ocrx_word' id='word_1_53' title='bbox 887 1981 952 2026; x_wconf 88' lang='lat' dir='ltr'><em>esse</em></span> <span class='ocrx_word' id='word_1_54' title='bbox 970 1966 1119 2042; x_wconf 88' lang='lat' dir='ltr'><em>statuens,</em></span> <span class='ocrx_word' id='word_1_55' title='bbox 1143 1963 1229 2042; x_wconf 81' lang='lat' dir='ltr'><em>quod</em></span> <span class='ocrx_word' id='word_1_56' title='bbox 1245 1961 1362 2041; x_wconf 80' lang='lat' dir='ltr'><em>salsum</em></span> <span class='ocrx_word' id='word_1_57' title='bbox 1377 1981 1422 2024; x_wconf 84' lang='grc'><em>630</em></span> <span class='ocrx_word' id='word_1_58' title='bbox 1491 1981 1520 2041; x_wconf 69' lang='lat' dir='ltr'><em>uu</em></span> 
     </span>
     <span class='ocr_line' id='line_1_8' title="bbox 327 2050 1422 2134; baseline -0.004 -19"><span class='ocrx_word' id='word_1_59' title='bbox 327 2052 394 2116; x_wconf 90' lang='lat' dir='ltr'><em>iam</em></span> <span class='ocrx_word' id='word_1_60' title='bbox 409 2052 566 2132; x_wconf 83' lang='lat' dir='ltr'><em>Maluorp</em></span> <span class='ocrx_word' id='word_1_61' title='bbox 576 2050 772 2132; x_wconf 79' lang='lat' dir='ltr'><em>porspouit²,·</em></span> <span class='ocrx_word' id='word_1_62' title='bbox 790 2051 838 2114; x_wconf 90' lang='lat' dir='ltr'><em>ita</em></span> <span class='ocrx_word' id='word_1_63' title='bbox 853 2071 884 2112; x_wconf 91' lang='lat' dir='ltr'><em>a.</em></span> <span class='ocrx_word' id='word_1_64' title='bbox 898 2056 973 2113; x_wconf 79' lang='grc'><strong>522.</strong></span> <span class='ocrx_word' id='word_1_65' title='bbox 990 2050 1035 2114; x_wconf 94' lang='lat' dir='ltr'><em>ad</em></span> <span class='ocrx_word' id='word_1_66' title='bbox 1047 2070 1152 2114; x_wconf 84' lang='lat' dir='ltr'><em>uocem</em></span> <span class='ocrx_word' id='word_1_67' title='bbox 1170 2050 1238 2129; x_wconf 78' lang='lat' dir='ltr'><em>filii</em></span> <span class='ocrx_word' id='word_1_68' title='bbox 1252 2050 1422 2134; x_wconf 85' lang='lat' dir='ltr'><em>eupiandau</em></span> 
     </span>
    </p>
   </div>
   <div class='ocr_carea' id='block_1_4' title="bbox 312 2226 1520 4617">
    <p class='ocr_par' dir='ltr' id='par_1_4' title="bbox 327 2226 1520 2484">
     <span class='ocr_line' id='line_1_9' title="bbox 327 2226 1520 2309; baseline -0.004 -17"><span class='ocrx_word' id='word_1_69' title='bbox 327 2235 427 2292; x_wconf 95' lang='lat' dir='ltr'><em>tutum</em></span> <span class='ocrx_word' id='word_1_70' title='bbox 456 2250 521 2292; x_wconf 90' lang='lat' dir='ltr'><em>esse</em></span> <span class='ocrx_word' id='word_1_71' title='bbox 552 2228 678 2308; x_wconf 75' lang='lat' dir='ltr'><em>uoluit3,</em></span> <span class='ocrx_word' id='word_1_72' title='bbox 709 2229 793 2309; x_wconf 77' lang='lat' dir='ltr'><em>quod</em></span> <span class='ocrx_word' id='word_1_73' title='bbox 821 2248 856 2291; x_wconf 89' lang='lat' dir='ltr'><em>ra</em></span> <span class='ocrx_word' id='word_1_74' title='bbox 878 2248 955 2291; x_wconf 88' lang='lat' dir='ltr'><em>uera</em></span> <span class='ocrx_word' id='word_1_75' title='bbox 977 2249 1008 2291; x_wconf 94' lang='lat' dir='ltr'><em>a.</em></span> <span class='ocrx_word' id='word_1_76' title='bbox 1026 2233 1101 2290; x_wconf 92' lang='grc'><strong>515.</strong></span> <span class='ocrx_word' id='word_1_77' title='bbox 1125 2227 1195 2292; x_wconf 88' lang='lat' dir='ltr'><em>alia</em></span> <span class='ocrx_word' id='word_1_78' title='bbox 1218 2229 1257 2292; x_wconf 87' lang='lat' dir='ltr'><em>de</em></span> <span class='ocrx_word' id='word_1_79' title='bbox 1281 2249 1373 2293; x_wconf 90' lang='lat' dir='ltr'><em>causa</em></span> <span class='ocrx_word' id='word_1_80' title='bbox 1389 2226 1422 2289; x_wconf 87' lang='lat' dir='ltr'><em>in·</em></span> <span class='ocrx_word' id='word_1_81' title='bbox 1501 2247 1520 2306; x_wconf 75' lang='lat' dir='ltr'><em>r</em></span> 
     </span>
     <span class='ocr_line' id='line_1_10' title="bbox 327 2315 1520 2398; baseline -0.008 -17"><span class='ocrx_word' id='word_1_82' title='bbox 327 2317 469 2382; x_wconf 88' lang='lat' dir='ltr'><em>stitutum</em></span> <span class='ocrx_word' id='word_1_83' title='bbox 498 2318 573 2381; x_wconf 69' lang='lat' dir='ltr'><em>esu.</em></span> <span class='ocrx_word' id='word_1_84' title='bbox 625 2316 779 2398; x_wconf 80' lang='lat' dir='ltr'><em>Greporio</em></span> <span class='ocrx_word' id='word_1_85' title='bbox 809 2316 916 2396; x_wconf 78' lang='lat' dir='ltr'><em>itaque</em></span> <span class='ocrx_word' id='word_1_86' title='bbox 945 2318 1022 2380; x_wconf 87' lang='lat' dir='ltr'><em>duce</em></span> <span class='ocrx_word' id='word_1_87' title='bbox 1051 2315 1132 2380; x_wconf 88' lang='lat' dir='ltr'><em>satis</em></span> <span class='ocrx_word' id='word_1_88' title='bbox 1160 2318 1258 2396; x_wconf 75' lang='lat' dir='ltr'><em>firmo</em></span> <span class='ocrx_word' id='word_1_89' title='bbox 1287 2316 1325 2381; x_wconf 92' lang='lat' dir='ltr'><em>in</em></span> <span class='ocrx_word' id='word_1_90' title='bbox 1353 2317 1423 2380; x_wconf 86' lang='lat' dir='ltr'><em>relus</em></span> <span class='ocrx_word' id='word_1_91' title='bbox 1436 2335 1452 2373; x_wconf 88' lang='lat' dir='ltr'><em>a</em></span> <span class='ocrx_word' id='word_1_92' title='bbox 1502 2316 1520 2395; x_wconf 56' lang='grc'><em>0</em></span> 
     </span>
     <span class='ocr_line' id='line_1_11' title="bbox 327 2404 1070 2484; baseline -0.003 -14"><span class='ocrx_word' id='word_1_93' title='bbox 327 2405 417 2470; x_wconf 86' lang='lat' dir='ltr'><em>illius</em></span> <span class='ocrx_word' id='word_1_94' title='bbox 440 2406 511 2470; x_wconf 90' lang='lat' dir='ltr'><em>aeui</em></span> <span class='ocrx_word' id='word_1_95' title='bbox 534 2405 760 2470; x_wconf 76' lang='lat' dir='ltr'><em>examinandis</em></span> <span class='ocrx_word' id='word_1_96' title='bbox 781 2404 830 2469; x_wconf 90' lang='lat' dir='ltr'><em>uti</em></span> <span class='ocrx_word' id='word_1_97' title='bbox 852 2405 908 2484; x_wconf 84' lang='lat' dir='ltr'><em>fas</em></span> <span class='ocrx_word' id='word_1_98' title='bbox 930 2426 995 2468; x_wconf 93' lang='lat' dir='ltr'><em>uon</em></span> <span class='ocrx_word' id='word_1_99' title='bbox 1017 2411 1070 2468; x_wconf 89' lang='lat' dir='ltr'><em>est.</em></span> 
     </span>
    </p>

    <p class='ocr_par' dir='ltr' id='par_1_5' title="bbox 312 2493 1520 4617">
     <span class='ocr_line' id='line_1_12' title="bbox 438 2493 1424 2575; baseline -0.006 -16"><span class='ocrx_word' id='word_1_100' title='bbox 438 2494 648 2559; x_wconf 72' lang='lat' dir='ltr'><em>Theodericus</em></span> <span class='ocrx_word' id='word_1_101' title='bbox 670 2515 727 2558; x_wconf 83' lang='lat' dir='ltr'><em>rea</em></span> <span class='ocrx_word' id='word_1_102' title='bbox 754 2493 1009 2575; x_wconf 82' lang='lat' dir='ltr'><em>Ostropotlrorum</em></span> <span class='ocrx_word' id='word_1_103' title='bbox 1036 2495 1081 2558; x_wconf 92' lang='lat' dir='ltr'><em>ad</em></span> <span class='ocrx_word' id='word_1_104' title='bbox 1106 2493 1353 2559; x_wconf 76' lang='lat' dir='ltr'><em>Ololodoueclmm</em></span> <span class='ocrx_word' id='word_1_105' title='bbox 1371 2495 1424 2574; x_wconf 91' lang='lat' dir='ltr'><em>post</em></span> 
     </span>
     <span class='ocr_line' id='line_1_13' title="bbox 327 2577 1510 2664; baseline -0.006 -17"><span class='ocrx_word' id='word_1_106' title='bbox 327 2582 493 2647; x_wconf 89' lang='lat' dir='ltr'><em>uictoriam</em></span> <span class='ocrx_word' id='word_1_107' title='bbox 515 2582 766 2647; x_wconf 83' lang='lat' dir='ltr'><em>Alamannieum</em></span> <span class='ocrx_word' id='word_1_108' title='bbox 790 2582 913 2647; x_wconf 75' lang='lat' dir='ltr'><em>litteras</em></span> <span class='ocrx_word' id='word_1_109' title='bbox 935 2582 1028 2662; x_wconf 82' lang='lat' dir='ltr'><em>dedit,</em></span> <span class='ocrx_word' id='word_1_110' title='bbox 1052 2588 1088 2646; x_wconf 94' lang='lat' dir='ltr'><em>ut</em></span> <span class='ocrx_word' id='word_1_111' title='bbox 1109 2582 1224 2647; x_wconf 89' lang='lat' dir='ltr'><em>deuicti</em></span> <span class='ocrx_word' id='word_1_112' title='bbox 1240 2583 1353 2664; x_wconf 90' lang='lat' dir='ltr'><em>populi</em></span> <span class='ocrx_word' id='word_1_113' title='bbox 1372 2577 1423 2645; x_wconf 86' lang='lat' dir='ltr'><em>reli·</em></span> <span class='ocrx_word' id='word_1_114' title='bbox 1505 2601 1510 2641; x_wconf 68' lang='lat' dir='ltr'><em>r·</em></span> 
     </span>
     <span class='ocr_line' id='line_1_14' title="bbox 328 2671 1519 2754; baseline -0.004 -19"><span class='ocrx_word' id='word_1_115' title='bbox 328 2671 413 2754; x_wconf 77' lang='lat' dir='ltr'><em>auiis</em></span> <span class='ocrx_word' id='word_1_116' title='bbox 437 2678 585 2753; x_wconf 78' lang='lat' dir='ltr'><em>parceret</em></span> <span class='ocrx_word' id='word_1_117' title='bbox 613 2671 650 2735; x_wconf 94' lang='lat' dir='ltr'><em>in</em></span> <span class='ocrx_word' id='word_1_118' title='bbox 679 2671 782 2752; x_wconf 91' lang='lat' dir='ltr'><em>ipsius</em></span> <span class='ocrx_word' id='word_1_119' title='bbox 811 2673 893 2750; x_wconf 79' lang='lat' dir='ltr'><em>fines</em></span> <span class='ocrx_word' id='word_1_120' title='bbox 922 2671 1208 2753; x_wconf 59' lang='lat' dir='ltr'><em>omfupieuu&#39;ousa</em></span> <span class='ocrx_word' id='word_1_121' title='bbox 1261 2673 1350 2754; x_wconf 79' lang='lat' dir='ltr'><em>Quod</em></span> <span class='ocrx_word' id='word_1_122' title='bbox 1374 2689 1423 2736; x_wconf 87' lang='lat' dir='ltr'><em>cor·</em></span> <span class='ocrx_word' id='word_1_123' title='bbox 1477 2678 1519 2730; x_wconf 73' lang='lat' dir='ltr'><em>&#39;a</em></span> 
     </span>
     <span class='ocr_line' id='line_1_15' title="bbox 328 2759 1515 2842; baseline -0.004 -17"><span class='ocrx_word' id='word_1_124' title='bbox 328 2760 534 2825; x_wconf 79' lang='lat' dir='ltr'><em>sentientibus</em></span> <span class='ocrx_word' id='word_1_125' title='bbox 556 2759 688 2842; x_wconf 78' lang='lat' dir='ltr'><em>reliquis</em></span> <span class='ocrx_word' id='word_1_126' title='bbox 710 2759 853 2838; x_wconf 82' lang='lat' dir='ltr'><em>fontibus</em></span> <span class='ocrx_word' id='word_1_127' title='bbox 875 2782 906 2823; x_wconf 91' lang='lat' dir='ltr'><em>a.</em></span> <span class='ocrx_word' id='word_1_128' title='bbox 927 2765 1001 2823; x_wconf 91' lang='grc'><strong>507.</strong></span> <span class='ocrx_word' id='word_1_129' title='bbox 1026 2759 1193 2841; x_wconf 84' lang='lat' dir='ltr'><em>coutipisse</em></span> <span class='ocrx_word' id='word_1_130' title='bbox 1217 2767 1452 2842; x_wconf 67' lang='lat' dir='ltr'><em>mortetenus</em></span> <span class='ocrx_word' id='word_1_131' title='bbox 1512 2759 1515 2769; x_wconf 86' lang='lat'>&#39;</span> 
     </span>
     <span class='ocr_line' id='line_1_16' title="bbox 328 2848 1512 2932; baseline -0.006 -20"><span class='ocrx_word' id='word_1_132' title='bbox 328 2870 387 2930; x_wconf 80' lang='lat' dir='ltr'><em>que</em></span> <span class='ocrx_word' id='word_1_133' title='bbox 432 2849 591 2932; x_wconf 77' lang='lat' dir='ltr'><em>triumpho</em></span> <span class='ocrx_word' id='word_1_134' title='bbox 628 2848 845 2913; x_wconf 80' lang='lat' dir='ltr'><em>Alourauuico</em></span> <span class='ocrx_word' id='word_1_135' title='bbox 887 2848 1075 2930; x_wconf 83' lang='lat' dir='ltr'><em>baptismum</em></span> <span class='ocrx_word' id='word_1_136' title='bbox 1119 2849 1205 2930; x_wconf 80' lang='lat' dir='ltr'><em>repis</em></span> <span class='ocrx_word' id='word_1_137' title='bbox 1243 2849 1425 2914; x_wconf 81' lang='lat' dir='ltr'><em>Francorum</em></span> <span class='ocrx_word' id='word_1_138' title='bbox 1507 2867 1512 2906; x_wconf 70' lang='lat' dir='ltr'><em>s</em></span> 
     </span>
     <span class='ocr_line' id='line_1_17' title="bbox 333 2934 1424 3028; baseline -0.003 -25"><span class='ocrx_word' id='word_1_139' title='bbox 333 2937 508 3020; x_wconf 76' lang='lat' dir='ltr'><em>Greporirm</em></span> <span class='ocrx_word' id='word_1_140' title='bbox 542 2937 735 3016; x_wconf 76' lang='lat' dir='ltr'><em>adiunxerit,</em></span> <span class='ocrx_word' id='word_1_141' title='bbox 771 2937 855 3002; x_wconf 85' lang='grc'><strong>1006</strong></span> <span class='ocrx_word' id='word_1_142' title='bbox 887 2940 931 3002; x_wconf 88' lang='lat' dir='ltr'><em>ad</em></span> <span class='ocrx_word' id='word_1_143' title='bbox 964 2937 1046 3001; x_wconf 87' lang='lat' dir='ltr'><em>idem</em></span> <span class='ocrx_word' id='word_1_144' title='bbox 1080 2943 1201 3021; x_wconf 88' lang='lat' dir='ltr'><em>tempus</em></span> <span class='ocrx_word' id='word_1_145' title='bbox 1234 2937 1354 3002; x_wconf 88' lang='lat' dir='ltr'><em>rettulit</em></span> <span class='ocrx_word' id='word_1_146' title='bbox 1381 2934 1424 3028; x_wconf 66' lang='lat' dir='ltr'><em>Fl-</em></span> 
     </span>
     <span class='ocr_line' id='line_1_18' title="bbox 336 3025 1426 3109; baseline -0.005 -18"><span class='ocrx_word' id='word_1_147' title='bbox 336 3027 460 3109; x_wconf 71' lang='grc'><strong>100616,</strong></span> <span class='ocrx_word' id='word_1_148' title='bbox 495 3027 532 3091; x_wconf 95' lang='lat' dir='ltr'><em>id</em></span> <span class='ocrx_word' id='word_1_149' title='bbox 564 3029 648 3108; x_wconf 77' lang='lat' dir='ltr'><em>quod</em></span> <span class='ocrx_word' id='word_1_150' title='bbox 674 3033 806 3107; x_wconf 89' lang='lat' dir='ltr'><em>propter</em></span> <span class='ocrx_word' id='word_1_151' title='bbox 839 3028 946 3090; x_wconf 85' lang='lat' dir='ltr'><em>urbem</em></span> <span class='ocrx_word' id='word_1_152' title='bbox 984 3025 1177 3091; x_wconf 76' lang='lat' dir='ltr'><em>Turouicam</em></span> <span class='ocrx_word' id='word_1_153' title='bbox 1211 3033 1241 3091; x_wconf 92' lang='lat' dir='ltr'><em>et</em></span> <span class='ocrx_word' id='word_1_154' title='bbox 1275 3026 1341 3108; x_wconf 88' lang='lat' dir='ltr'><em>ipse</em></span> <span class='ocrx_word' id='word_1_155' title='bbox 1371 3026 1426 3106; x_wconf 81' lang='lat' dir='ltr'><em>feu·</em></span> 
     </span>
     <span class='ocr_line' id='line_1_19' title="bbox 312 3110 1517 3199; baseline -0.002 -19"><span class='ocrx_word' id='word_1_156' title='bbox 312 3116 433 3180; x_wconf 38' lang='lat' dir='ltr'><em>&#39;Porro</em></span> <span class='ocrx_word' id='word_1_157' title='bbox 456 3115 589 3180; x_wconf 87' lang='lat' dir='ltr'><em>uictoria</em></span> <span class='ocrx_word' id='word_1_158' title='bbox 617 3115 675 3178; x_wconf 89' lang='lat' dir='ltr'><em>illa</em></span> <span class='ocrx_word' id='word_1_159' title='bbox 698 3138 719 3179; x_wconf 94' lang='lat' dir='ltr'><em>a</em></span> <span class='ocrx_word' id='word_1_160' title='bbox 742 3115 917 3199; x_wconf 78' lang='lat' dir='ltr'><em>receptione</em></span> <span class='ocrx_word' id='word_1_161' title='bbox 940 3116 1199 3179; x_wconf 79' lang='lat' dir='ltr'><em>Alamannorum</em></span> <span class='ocrx_word' id='word_1_162' title='bbox 1222 3110 1427 3197; x_wconf 78' lang='lat' dir='ltr'><em>distiupueudu</em></span> <span class='ocrx_word' id='word_1_163' title='bbox 1512 3159 1517 3172; x_wconf 72' lang='grc'><strong>.</strong></span> 
     </span>
     <span class='ocr_line' id='line_1_20' title="bbox 329 3203 1457 3285; baseline -0.003 -16"><span class='ocrx_word' id='word_1_164' title='bbox 329 3211 382 3285; x_wconf 90' lang='lat' dir='ltr'><em>est,</em></span> <span class='ocrx_word' id='word_1_165' title='bbox 403 3226 483 3285; x_wconf 79' lang='lat' dir='ltr'><em>puae</em></span> <span class='ocrx_word' id='word_1_166' title='bbox 502 3205 599 3268; x_wconf 89' lang='lat' dir='ltr'><em>anuis</em></span> <span class='ocrx_word' id='word_1_167' title='bbox 617 3203 782 3268; x_wconf 87' lang='lat' dir='ltr'><em>nonnullis</em></span> <span class='ocrx_word' id='word_1_168' title='bbox 794 3209 869 3284; x_wconf 86' lang='lat' dir='ltr'><em>post</em></span> <span class='ocrx_word' id='word_1_169' title='bbox 884 3204 976 3268; x_wconf 86' lang='lat' dir='ltr'><em>illam</em></span> <span class='ocrx_word' id='word_1_170' title='bbox 994 3204 1083 3283; x_wconf 81' lang='lat' dir='ltr'><em>facta</em></span> <span class='ocrx_word' id='word_1_171' title='bbox 1101 3225 1166 3268; x_wconf 86' lang='lat' dir='ltr'><em>esse</em></span> <span class='ocrx_word' id='word_1_172' title='bbox 1181 3211 1285 3284; x_wconf 88' lang='lat' dir='ltr'><em>potest</em></span> <span class='ocrx_word' id='word_1_173' title='bbox 1295 3205 1315 3267; x_wconf 74' lang='lat'><em>⁷.</em></span> <span class='ocrx_word' id='word_1_174' title='bbox 1349 3203 1457 3268; x_wconf 79' lang='lat' dir='ltr'><em>Pru-r</em></span> 
     </span>
     <span class='ocr_line' id='line_1_21' title="bbox 329 3292 1509 3374; baseline -0.002 -17"><span class='ocrx_word' id='word_1_175' title='bbox 329 3299 414 3358; x_wconf 87' lang='lat' dir='ltr'><em>terea</em></span> <span class='ocrx_word' id='word_1_176' title='bbox 445 3293 602 3374; x_wconf 77' lang='lat' dir='ltr'><em>baptisato</em></span> <span class='ocrx_word' id='word_1_177' title='bbox 632 3292 700 3374; x_wconf 84' lang='lat' dir='ltr'><em>rapi</em></span> <span class='ocrx_word' id='word_1_178' title='bbox 723 3292 929 3357; x_wconf 87' lang='lat' dir='ltr'><em>Francorum</em></span> <span class='ocrx_word' id='word_1_179' title='bbox 952 3292 1098 3357; x_wconf 88' lang='lat' dir='ltr'><em>Nicetius</em></span> <span class='ocrx_word' id='word_1_180' title='bbox 1126 3313 1178 3356; x_wconf 88' lang='lat' dir='ltr'><em>res</em></span> <span class='ocrx_word' id='word_1_181' title='bbox 1207 3293 1355 3357; x_wconf 85' lang='lat' dir='ltr'><em>attribuit</em></span> <span class='ocrx_word' id='word_1_182' title='bbox 1380 3305 1429 3355; x_wconf 81' lang='lat' dir='ltr'><em>nor</em></span> <span class='ocrx_word' id='word_1_183' title='bbox 1503 3305 1509 3338; x_wconf 61' lang='grc' dir='ltr'><em>’ἱ</em></span> 
     </span>
     <span class='ocr_line' id='line_1_22' title="bbox 328 3381 1520 3462; baseline -0.003 -17"><span class='ocrx_word' id='word_1_184' title='bbox 328 3383 428 3446; x_wconf 90' lang='lat' dir='ltr'><em>solum</em></span> <span class='ocrx_word' id='word_1_185' title='bbox 459 3382 494 3446; x_wconf 90' lang='lat' dir='ltr'><em>iu</em></span> <span class='ocrx_word' id='word_1_186' title='bbox 517 3381 694 3462; x_wconf 80' lang='lat' dir='ltr'><em>Alaricum,</em></span> <span class='ocrx_word' id='word_1_187' title='bbox 730 3382 785 3445; x_wconf 90' lang='lat' dir='ltr'><em>sed</em></span> <span class='ocrx_word' id='word_1_188' title='bbox 818 3381 913 3446; x_wconf 86' lang='lat' dir='ltr'><em>etiam</em></span> <span class='ocrx_word' id='word_1_189' title='bbox 942 3381 979 3445; x_wconf 93' lang='lat' dir='ltr'><em>in</em></span> <span class='ocrx_word' id='word_1_190' title='bbox 1009 3381 1240 3447; x_wconf 82' lang='lat' dir='ltr'><em>Gundebadum</em></span> <span class='ocrx_word' id='word_1_191' title='bbox 1275 3381 1430 3447; x_wconf 75' lang='lat' dir='ltr'><em>haereticos</em></span> <span class='ocrx_word' id='word_1_192' title='bbox 1516 3398 1520 3440; x_wconf 81' lang='grc' dir='ltr'>ε</span> 
     </span>
     <span class='ocr_line' id='line_1_23' title="bbox 327 3470 1520 3553; baseline 0 -19"><span class='ocrx_word' id='word_1_193' title='bbox 327 3478 439 3552; x_wconf 83' lang='lat' dir='ltr'><em>postas,</em></span> <span class='ocrx_word' id='word_1_194' title='bbox 457 3492 537 3551; x_wconf 81' lang='lat' dir='ltr'><em>quac</em></span> <span class='ocrx_word' id='word_1_195' title='bbox 552 3472 596 3533; x_wconf 91' lang='lat' dir='ltr'><em>ud</em></span> <span class='ocrx_word' id='word_1_196' title='bbox 611 3472 690 3534; x_wconf 83' lang='lat' dir='ltr'><em>bella</em></span> <span class='ocrx_word' id='word_1_197' title='bbox 708 3470 956 3553; x_wconf 81' lang='lat' dir='ltr'><em>Wisipotliorum</em></span> <span class='ocrx_word' id='word_1_198' title='bbox 973 3470 1115 3553; x_wconf 82' lang='grc'><strong>(0507)</strong></span> <span class='ocrx_word' id='word_1_199' title='bbox 1132 3478 1161 3535; x_wconf 89' lang='lat' dir='ltr'><em>et</em></span> <span class='ocrx_word' id='word_1_200' title='bbox 1175 3471 1431 3552; x_wconf 72' lang='lat' dir='ltr'><em>Burpundionurr</em></span> <span class='ocrx_word' id='word_1_201' title='bbox 1517 3491 1520 3526; x_wconf 66' lang='lat' dir='ltr'><em>r</em></span> 
     </span>
     <span class='ocr_line' id='line_1_24' title="bbox 330 3558 1432 3642; baseline 0 -19"><span class='ocrx_word' id='word_1_202' title='bbox 330 3558 475 3642; x_wconf 83' lang='grc'><strong>(0500)</strong></span> <span class='ocrx_word' id='word_1_203' title='bbox 500 3566 638 3640; x_wconf 88' lang='lat' dir='ltr'><em>spectare</em></span> <span class='ocrx_word' id='word_1_204' title='bbox 660 3559 816 3640; x_wconf 86' lang='lat' dir='ltr'><em>ridentur,</em></span> <span class='ocrx_word' id='word_1_205' title='bbox 846 3558 986 3640; x_wconf 82' lang='lat' dir='ltr'><em>illudque</em></span> <span class='ocrx_word' id='word_1_206' title='bbox 1006 3560 1140 3641; x_wconf 83' lang='lat' dir='ltr'><em>pravius</em></span> <span class='ocrx_word' id='word_1_207' title='bbox 1161 3560 1264 3624; x_wconf 85' lang='lat' dir='ltr'><em>simili</em></span> <span class='ocrx_word' id='word_1_208' title='bbox 1287 3559 1432 3625; x_wconf 75' lang='lat' dir='ltr'><em>coccam</em></span> 
     </span>
     <span class='ocr_line' id='line_1_25' title="bbox 329 3648 1462 3729; baseline 0.003 -18"><span class='ocrx_word' id='word_1_209' title='bbox 329 3654 401 3712; x_wconf 90' lang='lat' dir='ltr'><em>aute</em></span> <span class='ocrx_word' id='word_1_210' title='bbox 424 3649 481 3712; x_wconf 86' lang='lat' dir='ltr'><em>loc</em></span> <span class='ocrx_word' id='word_1_211' title='bbox 504 3648 665 3712; x_wconf 86' lang='lat' dir='ltr'><em>collocarit</em></span> <span class='ocrx_word' id='word_1_212' title='bbox 685 3648 753 3728; x_wconf 91' lang='lat' dir='ltr'><em>ipse</em></span> <span class='ocrx_word' id='word_1_213' title='bbox 777 3648 981 3729; x_wconf 81' lang='lat' dir='ltr'><em>Greporius⁸.</em></span> <span class='ocrx_word' id='word_1_214' title='bbox 1020 3649 1071 3711; x_wconf 86' lang='lat' dir='ltr'><em>Al</em></span> <span class='ocrx_word' id='word_1_215' title='bbox 1095 3669 1181 3712; x_wconf 93' lang='lat' dir='ltr'><em>anuo</em></span> <span class='ocrx_word' id='word_1_216' title='bbox 1204 3655 1282 3712; x_wconf 89' lang='grc'><strong>496.</strong></span> <span class='ocrx_word' id='word_1_217' title='bbox 1307 3650 1462 3714; x_wconf 70' lang='lat' dir='ltr'><em>recedere</em></span> 
     </span>
     <span class='ocr_line' id='line_1_26' title="bbox 329 3735 1432 3817; baseline -0.004 -16"><span class='ocrx_word' id='word_1_218' title='bbox 329 3758 450 3801; x_wconf 86' lang='lat' dir='ltr'><em>necesse</em></span> <span class='ocrx_word' id='word_1_219' title='bbox 472 3736 601 3800; x_wconf 82' lang='lat' dir='ltr'><em>uriur&#39;mc</em></span> <span class='ocrx_word' id='word_1_220' title='bbox 625 3744 677 3817; x_wconf 86' lang='lat' dir='ltr'><em>est,</em></span> <span class='ocrx_word' id='word_1_221' title='bbox 708 3737 738 3801; x_wconf 88' lang='lat' dir='ltr'><em>si</em></span> <span class='ocrx_word' id='word_1_222' title='bbox 760 3739 868 3801; x_wconf 83' lang='lat' dir='ltr'><em>urbem</em></span> <span class='ocrx_word' id='word_1_223' title='bbox 895 3737 1087 3802; x_wconf 84' lang='lat' dir='ltr'><em>Turonicam</em></span> <span class='ocrx_word' id='word_1_224' title='bbox 1110 3738 1254 3802; x_wconf 84' lang='lat' dir='ltr'><em>Francis</em></span> <span class='ocrx_word' id='word_1_225' title='bbox 1283 3735 1432 3803; x_wconf 70' lang='grc'><strong>1003300-</strong></span> 
     </span>
     <span class='ocr_line' id='line_1_27' title="bbox 328 3825 1518 3908; baseline -0.003 -18"><span class='ocrx_word' id='word_1_226' title='bbox 328 3826 440 3890; x_wconf 82' lang='lat' dir='ltr'><em>iactam</em></span> <span class='ocrx_word' id='word_1_227' title='bbox 464 3847 528 3890; x_wconf 89' lang='lat' dir='ltr'><em>esse</em></span> <span class='ocrx_word' id='word_1_228' title='bbox 551 3825 708 3906; x_wconf 83' lang='lat' dir='ltr'><em>statueris,</em></span> <span class='ocrx_word' id='word_1_229' title='bbox 739 3826 869 3906; x_wconf 83' lang='lat' dir='ltr'><em>ideoque</em></span> <span class='ocrx_word' id='word_1_230' title='bbox 899 3826 1078 3890; x_wconf 88' lang='lat' dir='ltr'><em>coniectura</em></span> <span class='ocrx_word' id='word_1_231' title='bbox 1100 3826 1324 3892; x_wconf 87' lang='lat' dir='ltr'><em>Leuisoniaua</em></span> <span class='ocrx_word' id='word_1_232' title='bbox 1351 3830 1433 3908; x_wconf 78' lang='lat' dir='ltr'><em>prato</em></span> <span class='ocrx_word' id='word_1_233' title='bbox 1511 3838 1518 3874; x_wconf 57' lang='grc' dir='ltr'>Ξ</span> 
     </span>
     <span class='ocr_line' id='line_1_28' title="bbox 327 3914 1433 3996; baseline -0.002 -18"><span class='ocrx_word' id='word_1_234' title='bbox 327 3921 512 3996; x_wconf 78' lang='lat' dir='ltr'><em>acceptaque</em></span> <span class='ocrx_word' id='word_1_235' title='bbox 534 3914 680 3978; x_wconf 83' lang='lat' dir='ltr'><em>lculeudo</em></span> <span class='ocrx_word' id='word_1_236' title='bbox 710 3920 763 3978; x_wconf 92' lang='lat' dir='ltr'><em>est.</em></span> <span class='ocrx_word' id='word_1_237' title='bbox 816 3916 906 3995; x_wconf 75' lang='lat' dir='ltr'><em>Quod</em></span> <span class='ocrx_word' id='word_1_238' title='bbox 935 3921 1039 3979; x_wconf 90' lang='lat' dir='ltr'><em>autem</em></span> <span class='ocrx_word' id='word_1_239' title='bbox 1068 3921 1141 3979; x_wconf 92' lang='lat' dir='ltr'><em>aute</em></span> <span class='ocrx_word' id='word_1_240' title='bbox 1170 3915 1227 3979; x_wconf 85' lang='lat' dir='ltr'><em>los</em></span> <span class='ocrx_word' id='word_1_241' title='bbox 1250 3938 1356 3981; x_wconf 89' lang='lat' dir='ltr'><em>annos</em></span> <span class='ocrx_word' id='word_1_242' title='bbox 1378 3934 1433 3980; x_wconf 90' lang='lat' dir='ltr'><em>cou-</em></span> 
     </span>
     <span class='ocr_line' id='line_1_29' title="bbox 328 4002 1434 4086; baseline 0 -19"><span class='ocrx_word' id='word_1_243' title='bbox 328 4005 490 4083; x_wconf 87' lang='lat' dir='ltr'><em>oluseram,</em></span> <span class='ocrx_word' id='word_1_244' title='bbox 515 4003 626 4067; x_wconf 83' lang='lat' dir='ltr'><em>Remis</em></span> <span class='ocrx_word' id='word_1_245' title='bbox 647 4025 749 4084; x_wconf 83' lang='lat' dir='ltr'><em>repem</em></span> <span class='ocrx_word' id='word_1_246' title='bbox 765 4003 958 4084; x_wconf 74' lang='lat' dir='ltr'><em>baptisatum</em></span> <span class='ocrx_word' id='word_1_247' title='bbox 978 4002 1108 4068; x_wconf 89' lang='lat' dir='ltr'><em>minime</em></span> <span class='ocrx_word' id='word_1_248' title='bbox 1126 4025 1192 4068; x_wconf 87' lang='grc'><strong>6336</strong></span> <span class='ocrx_word' id='word_1_249' title='bbox 1214 4026 1315 4086; x_wconf 78' lang='lat' dir='ltr'><em>neque</em></span> <span class='ocrx_word' id='word_1_250' title='bbox 1333 4020 1434 4069; x_wconf 74' lang='lat' dir='ltr'><em>causor</em></span> 
     </span>
     <span class='ocr_line' id='line_1_30' title="bbox 327 4092 1465 4173; baseline -0.004 -17"><span class='ocrx_word' id='word_1_251' title='bbox 327 4092 391 4173; x_wconf 88' lang='lat' dir='ltr'><em>ipsi</em></span> <span class='ocrx_word' id='word_1_252' title='bbox 419 4093 521 4171; x_wconf 84' lang='lat' dir='ltr'><em>fuisse</em></span> <span class='ocrx_word' id='word_1_253' title='bbox 550 4114 613 4171; x_wconf 91' lang='lat' dir='ltr'><em>eas,</em></span> <span class='ocrx_word' id='word_1_254' title='bbox 649 4113 729 4172; x_wconf 81' lang='lat' dir='ltr'><em>quas</em></span> <span class='ocrx_word' id='word_1_255' title='bbox 763 4092 939 4173; x_wconf 82' lang='lat' dir='ltr'><em>Greporius</em></span> <span class='ocrx_word' id='word_1_256' title='bbox 968 4092 998 4156; x_wconf 90' lang='lat' dir='ltr'><em>ci</em></span> <span class='ocrx_word' id='word_1_257' title='bbox 1027 4092 1197 4173; x_wconf 75' lang='lat' dir='ltr'><em>supposuit,</em></span> <span class='ocrx_word' id='word_1_258' title='bbox 1233 4094 1325 4159; x_wconf 85' lang='lat' dir='ltr'><em>urbis</em></span> <span class='ocrx_word' id='word_1_259' title='bbox 1358 4093 1465 4157; x_wconf 74' lang='lat' dir='ltr'><em>illiusr</em></span> 
     </span>
     <span class='ocr_line' id='line_1_31' title="bbox 328 4177 1434 4264; baseline -0.001 -19"><span class='ocrx_word' id='word_1_260' title='bbox 328 4182 508 4259; x_wconf 80' lang='lat' dir='ltr'><em>defensores</em></span> <span class='ocrx_word' id='word_1_261' title='bbox 523 4202 643 4263; x_wconf 90' lang='lat' dir='ltr'><em>semper</em></span> <span class='ocrx_word' id='word_1_262' title='bbox 658 4180 821 4245; x_wconf 88' lang='lat' dir='ltr'><em>reminisci</em></span> <span class='ocrx_word' id='word_1_263' title='bbox 836 4183 927 4261; x_wconf 87' lang='lat' dir='ltr'><em>decet,</em></span> <span class='ocrx_word' id='word_1_264' title='bbox 948 4180 1127 4264; x_wconf 86' lang='lat' dir='ltr'><em>opinionem</em></span> <span class='ocrx_word' id='word_1_265' title='bbox 1142 4202 1250 4246; x_wconf 86' lang='lat' dir='ltr'><em>corum</em></span> <span class='ocrx_word' id='word_1_266' title='bbox 1266 4204 1348 4248; x_wconf 91' lang='lat' dir='ltr'><em>saec.</em></span> <span class='ocrx_word' id='word_1_267' title='bbox 1364 4177 1434 4247; x_wconf 85' lang='lat' dir='ltr'><em>VII.</em></span> 
     </span>
     <span class='ocr_line' id='line_1_32' title="bbox 327 4269 1435 4353; baseline -0.002 -19"><span class='ocrx_word' id='word_1_268' title='bbox 327 4272 406 4334; x_wconf 87' lang='lat' dir='ltr'><em>med.</em></span> <span class='ocrx_word' id='word_1_269' title='bbox 431 4272 553 4334; x_wconf 87' lang='lat' dir='ltr'><em>demum</em></span> <span class='ocrx_word' id='word_1_270' title='bbox 576 4269 737 4333; x_wconf 83' lang='lat' dir='ltr'><em>emersisse</em></span> <span class='ocrx_word' id='word_1_271' title='bbox 760 4272 848 4349; x_wconf 90' lang='lat' dir='ltr'><em>apud</em></span> <span class='ocrx_word' id='word_1_272' title='bbox 869 4276 1020 4349; x_wconf 92' lang='lat' dir='ltr'><em>auctores,</em></span> <span class='ocrx_word' id='word_1_273' title='bbox 1045 4269 1100 4350; x_wconf 80' lang='lat' dir='ltr'><em>qui</em></span> <span class='ocrx_word' id='word_1_274' title='bbox 1122 4270 1205 4334; x_wconf 91' lang='lat' dir='ltr'><em>sicut</em></span> <span class='ocrx_word' id='word_1_275' title='bbox 1226 4270 1435 4353; x_wconf 83' lang='lat' dir='ltr'><em>Fredcparim</em></span> 
     </span>
     <span class='ocr_line' id='line_1_33' title="bbox 328 4358 1436 4441; baseline 0.001 -19"><span class='ocrx_word' id='word_1_276' title='bbox 328 4360 365 4422; x_wconf 85' lang='lat' dir='ltr'><em>de</em></span> <span class='ocrx_word' id='word_1_277' title='bbox 392 4359 545 4441; x_wconf 79' lang='lat' dir='ltr'><em>baptismo</em></span> <span class='ocrx_word' id='word_1_278' title='bbox 573 4359 662 4437; x_wconf 82' lang='lat' dir='ltr'><em>falso</em></span> <span class='ocrx_word' id='word_1_279' title='bbox 692 4364 797 4439; x_wconf 88' lang='lat' dir='ltr'><em>aperte</em></span> <span class='ocrx_word' id='word_1_280' title='bbox 827 4359 1022 4439; x_wconf 82' lang='lat' dir='ltr'><em>rettulerunt,</em></span> <span class='ocrx_word' id='word_1_281' title='bbox 1053 4365 1145 4440; x_wconf 76' lang='lat' dir='ltr'><em>atque</em></span> <span class='ocrx_word' id='word_1_282' title='bbox 1173 4358 1328 4441; x_wconf 82' lang='lat' dir='ltr'><em>Greporii</em></span> <span class='ocrx_word' id='word_1_283' title='bbox 1355 4380 1436 4441; x_wconf 85' lang='lat' dir='ltr'><em>orpu-</em></span> 
     </span>
     <span class='ocr_line' id='line_1_34' title="bbox 327 4442 1436 4530; baseline -0.003 -19"><span class='ocrx_word' id='word_1_284' title='bbox 327 4447 548 4512; x_wconf 84' lang='lat' dir='ltr'><em>meutatlonem</em></span> <span class='ocrx_word' id='word_1_285' title='bbox 582 4446 685 4528; x_wconf 85' lang='lat' dir='ltr'><em>accipi</em></span> <span class='ocrx_word' id='word_1_286' title='bbox 719 4469 784 4510; x_wconf 90' lang='lat' dir='ltr'><em>nou</em></span> <span class='ocrx_word' id='word_1_287' title='bbox 813 4468 906 4527; x_wconf 89' lang='lat' dir='ltr'><em>posse</em></span> <span class='ocrx_word' id='word_1_288' title='bbox 934 4447 989 4510; x_wconf 82' lang='lat' dir='ltr'><em>oin</em></span> <span class='ocrx_word' id='word_1_289' title='bbox 1018 4447 1186 4529; x_wconf 70' lang='lat' dir='ltr'><em>qumquam</em></span> <span class='ocrx_word' id='word_1_290' title='bbox 1216 4448 1358 4530; x_wconf 80' lang='lat' dir='ltr'><em>uepaln‘t,</em></span> <span class='ocrx_word' id='word_1_291' title='bbox 1391 4442 1436 4529; x_wconf 79' lang='lat' dir='ltr'><em>qui</em></span> 
     </span>
     <span class='ocr_line' id='line_1_35' title="bbox 328 4536 1467 4617; baseline 0 -17"><span class='ocrx_word' id='word_1_292' title='bbox 328 4538 444 4617; x_wconf 79' lang='lat' dir='ltr'><em>absque</em></span> <span class='ocrx_word' id='word_1_293' title='bbox 466 4536 613 4617; x_wconf 90' lang='lat' dir='ltr'><em>opinione</em></span> <span class='ocrx_word' id='word_1_294' title='bbox 629 4536 856 4617; x_wconf 89' lang='lat' dir='ltr'><em>praeiudicata</em></span> <span class='ocrx_word' id='word_1_295' title='bbox 878 4539 922 4600; x_wconf 93' lang='lat' dir='ltr'><em>ad</em></span> <span class='ocrx_word' id='word_1_296' title='bbox 939 4542 1081 4600; x_wconf 87' lang='lat' dir='ltr'><em>auctores</em></span> <span class='ocrx_word' id='word_1_297' title='bbox 1098 4537 1246 4617; x_wconf 79' lang='lat' dir='ltr'><em>aequales</em></span> <span class='ocrx_word' id='word_1_298' title='bbox 1269 4536 1467 4603; x_wconf 69' lang='lat' dir='ltr'><em>occasurus</em></span> 
     </span>
    </p>
   </div>
   <div class='ocr_carea' id='block_1_5' title="bbox 1095 4661 1338 4727">
    <p class='ocr_par' dir='ltr' id='par_1_6' title="bbox 1095 4661 1338 4727">
     <span class='ocr_line' id='line_1_36' title="bbox 1095 4661 1338 4727; baseline 0.012 -3"><span class='ocrx_word' id='word_1_299' title='bbox 1095 4661 1135 4724; x_wconf 90' lang='lat' dir='ltr'><em>B.</em></span> <span class='ocrx_word' id='word_1_300' title='bbox 1160 4661 1338 4727; x_wconf 81' lang='lat' dir='ltr'><em>Krusclo.</em></span> 
     </span>
    </p>
   </div>
   <div class='ocr_carea' id='block_1_6' title="bbox 327 4852 1520 5486">
    <p class='ocr_par' dir='ltr' id='par_1_7' title="bbox 329 4852 1438 4923">
     <span class='ocr_line' id='line_1_37' title="bbox 329 4852 1438 4923; baseline -0.003 -16"><span class='ocrx_word' id='word_1_301' title='bbox 329 4853 355 4920; x_wconf 87' lang='lat'><em>1)</em></span> <span class='ocrx_word' id='word_1_302' title='bbox 383 4853 430 4906; x_wconf 83' lang='lat' dir='ltr'><em>SS.</em></span> <span class='ocrx_word' id='word_1_303' title='bbox 452 4868 506 4906; x_wconf 89' lang='lat' dir='ltr'><em>rer.</em></span> <span class='ocrx_word' id='word_1_304' title='bbox 525 4853 623 4906; x_wconf 86' lang='lat' dir='ltr'><em>Morou.</em></span> <span class='ocrx_word' id='word_1_305' title='bbox 643 4852 699 4917; x_wconf 92' lang='lat' dir='ltr'><em>III,</em></span> <span class='ocrx_word' id='word_1_306' title='bbox 720 4868 750 4918; x_wconf 89' lang='lat' dir='ltr'><em>p.</em></span> <span class='ocrx_word' id='word_1_307' title='bbox 767 4854 830 4915; x_wconf 89' lang='grc'><strong>407,</strong></span> <span class='ocrx_word' id='word_1_308' title='bbox 855 4868 882 4906; x_wconf 86' lang='lat' dir='ltr'><em>n.</em></span> <span class='ocrx_word' id='word_1_309' title='bbox 900 4855 924 4907; x_wconf 90' lang='lat'><em>5.</em></span> <span class='ocrx_word' id='word_1_310' title='bbox 1006 4852 1033 4923; x_wconf 80' lang='lat'><em>2)</em></span> <span class='ocrx_word' id='word_1_311' title='bbox 1060 4853 1198 4918; x_wconf 78' lang='lat' dir='ltr'><em>Malnorp,</em></span> <span class='ocrx_word' id='word_1_312' title='bbox 1218 4854 1346 4906; x_wconf 65' lang='grc' dir='ltr'><em>ί003000</em></span> <span class='ocrx_word' id='word_1_313' title='bbox 1360 4870 1390 4920; x_wconf 90' lang='lat' dir='ltr'><em>p.</em></span> <span class='ocrx_word' id='word_1_314' title='bbox 1403 4857 1438 4908; x_wconf 85' lang='lat'><em>91.</em></span> 
     </span>
    </p>

    <p class='ocr_par' dir='ltr' id='par_1_8' title="bbox 327 4910 1520 5062">
     <span class='ocr_line' id='line_1_38' title="bbox 327 4910 1520 4992; baseline 0.002 -14"><span class='ocrx_word' id='word_1_315' title='bbox 327 4926 355 4989; x_wconf 84' lang='grc'><em>3)</em></span> <span class='ocrx_word' id='word_1_316' title='bbox 376 4923 464 4989; x_wconf 59' lang='lat' dir='ltr'><em>auu,</em></span> <span class='ocrx_word' id='word_1_317' title='bbox 482 4923 520 4977; x_wconf 80' lang='grc'><em>0.</em></span> <span class='ocrx_word' id='word_1_318' title='bbox 532 4923 581 4977; x_wconf 72' lang='lat' dir='ltr'><em>a.</em></span> <span class='ocrx_word' id='word_1_319' title='bbox 594 4923 651 4986; x_wconf 79' lang='lat' dir='ltr'><em>ur,</em></span> <span class='ocrx_word' id='word_1_320' title='bbox 665 4928 690 4978; x_wconf 80' lang='lat' dir='ltr'><em>s.</em></span> <span class='ocrx_word' id='word_1_321' title='bbox 756 4925 784 4989; x_wconf 83' lang='lat'><em>4)</em></span> <span class='ocrx_word' id='word_1_322' title='bbox 804 4923 876 4989; x_wconf 71' lang='grc'><em>00,</em></span> <span class='ocrx_word' id='word_1_323' title='bbox 896 4924 1107 4990; x_wconf 65' lang='grc'><strong>«0000030.</strong></span> <span class='ocrx_word' id='word_1_324' title='bbox 1126 4925 1174 4975; x_wconf 78' lang='lat' dir='ltr'><em>au</em></span> <span class='ocrx_word' id='word_1_325' title='bbox 1189 4925 1316 4977; x_wconf 68' lang='grc'><strong>3000</strong></span> <span class='ocrx_word' id='word_1_326' title='bbox 1335 4926 1439 4992; x_wconf 73' lang='lat' dir='ltr'><em>(uua</em></span> <span class='ocrx_word' id='word_1_327' title='bbox 1518 4910 1520 4980; x_wconf 78' lang='lat' dir='ltr'><em>l</em></span> 
     </span>
     <span class='ocr_line' id='line_1_39' title="bbox 328 4994 1440 5062; baseline 0 -16"><span class='ocrx_word' id='word_1_328' title='bbox 328 4995 440 5059; x_wconf 78' lang='lat' dir='ltr'><em>lapisolra</em></span> <span class='ocrx_word' id='word_1_329' title='bbox 458 4995 587 5048; x_wconf 80' lang='lat' dir='ltr'><em>Zeitsclrr.</em></span> <span class='ocrx_word' id='word_1_330' title='bbox 607 5010 658 5045; x_wconf 88' lang='lat' dir='ltr'><em>aus</em></span> <span class='ocrx_word' id='word_1_331' title='bbox 676 4996 723 5045; x_wconf 87' lang='lat' dir='ltr'><em>der</em></span> <span class='ocrx_word' id='word_1_332' title='bbox 735 4994 861 5046; x_wconf 79' lang='lat' dir='ltr'><em>Solaciz’</em></span> <span class='ocrx_word' id='word_1_333' title='bbox 877 4996 953 5059; x_wconf 84' lang='lat'><em>1892,</em></span> <span class='ocrx_word' id='word_1_334' title='bbox 968 4996 1018 5059; x_wconf 88' lang='lat' dir='ltr'><em>IX,</em></span> <span class='ocrx_word' id='word_1_335' title='bbox 1034 5013 1064 5062; x_wconf 90' lang='lat' dir='ltr'><em>p.</em></span> <span class='ocrx_word' id='word_1_336' title='bbox 1077 4997 1125 5058; x_wconf 90' lang='lat'><em>86)</em></span> <span class='ocrx_word' id='word_1_337' title='bbox 1130 5018 1139 5061; x_wconf 88' lang='lat'><em>,·</em></span> <span class='ocrx_word' id='word_1_338' title='bbox 1157 4997 1273 5059; x_wconf 83' lang='lat' dir='ltr'><em>Arnald,</em></span> <span class='ocrx_word' id='word_1_339' title='bbox 1292 4996 1440 5048; x_wconf 80' lang='lat' dir='ltr'><em>‘Caesarius</em></span> 
     </span>
    </p>

    <p class='ocr_par' dir='ltr' id='par_1_9' title="bbox 327 5066 1477 5206">
     <span class='ocr_line' id='line_1_40' title="bbox 328 5066 1477 5134; baseline 0.002 -18"><span class='ocrx_word' id='word_1_340' title='bbox 328 5083 350 5120; x_wconf 88' lang='lat' dir='ltr'><em>o.</em></span> <span class='ocrx_word' id='word_1_341' title='bbox 369 5066 485 5117; x_wconf 82' lang='lat' dir='ltr'><em>Arelate’</em></span> <span class='ocrx_word' id='word_1_342' title='bbox 501 5083 529 5132; x_wconf 88' lang='lat' dir='ltr'><em>p.</em></span> <span class='ocrx_word' id='word_1_343' title='bbox 543 5069 604 5131; x_wconf 82' lang='lat'><em>210,</em></span> <span class='ocrx_word' id='word_1_344' title='bbox 627 5068 674 5131; x_wconf 82' lang='lat' dir='ltr'><em>qui</em></span> <span class='ocrx_word' id='word_1_345' title='bbox 696 5067 732 5115; x_wconf 94' lang='lat' dir='ltr'><em>ad</em></span> <span class='ocrx_word' id='word_1_346' title='bbox 752 5070 953 5131; x_wconf 81' lang='lat' dir='ltr'><em>prapmaticam</em></span> <span class='ocrx_word' id='word_1_347' title='bbox 972 5083 1051 5134; x_wconf 77' lang='lat' dir='ltr'><em>quam</em></span> <span class='ocrx_word' id='word_1_348' title='bbox 1069 5068 1161 5117; x_wconf 81' lang='lat' dir='ltr'><em>dicunt</em></span> <span class='ocrx_word' id='word_1_349' title='bbox 1179 5070 1299 5119; x_wconf 76' lang='lat' dir='ltr'><em>auctorr&#39;s</em></span> <span class='ocrx_word' id='word_1_350' title='bbox 1316 5071 1441 5121; x_wconf 80' lang='lat' dir='ltr'><em>ratiornm</em></span> <span class='ocrx_word' id='word_1_351' title='bbox 1453 5079 1477 5118; x_wconf 82' lang='grc'><em>0</em></span> 
     </span>
     <span class='ocr_line' id='line_1_41' title="bbox 327 5138 1442 5206; baseline 0.006 -19"><span class='ocrx_word' id='word_1_352' title='bbox 327 5139 435 5187; x_wconf 88' lang='lat' dir='ltr'><em>eandem</em></span> <span class='ocrx_word' id='word_1_353' title='bbox 454 5138 556 5200; x_wconf 78' lang='lat' dir='ltr'><em>falsam</em></span> <span class='ocrx_word' id='word_1_354' title='bbox 579 5153 696 5188; x_wconf 86' lang='lat' dir='ltr'><em>errorem</em></span> <span class='ocrx_word' id='word_1_355' title='bbox 715 5145 781 5188; x_wconf 83' lang='lat' dir='ltr'><em>racto</em></span> <span class='ocrx_word' id='word_1_356' title='bbox 807 5139 916 5191; x_wconf 79' lang='lat' dir='ltr'><em>rettulit.</em></span> <span class='ocrx_word' id='word_1_357' title='bbox 1007 5139 1034 5205; x_wconf 82' lang='lat'><em>5)</em></span> <span class='ocrx_word' id='word_1_358' title='bbox 1055 5139 1210 5189; x_wconf 81' lang='lat' dir='ltr'><em>Cassr&#39;odorr‘</em></span> <span class='ocrx_word' id='word_1_359' title='bbox 1225 5138 1328 5190; x_wconf 83' lang='lat' dir='ltr'><em>Variae</em></span> <span class='ocrx_word' id='word_1_360' title='bbox 1347 5139 1389 5206; x_wconf 91' lang='lat' dir='ltr'><em>II,</em></span> <span class='ocrx_word' id='word_1_361' title='bbox 1402 5142 1442 5194; x_wconf 85' lang='grc'><em>40.</em></span> 
     </span>
    </p>

    <p class='ocr_par' dir='ltr' id='par_1_10' title="bbox 327 5207 1486 5486">
     <span class='ocr_line' id='line_1_42' title="bbox 329 5207 1442 5276; baseline 0.004 -18"><span class='ocrx_word' id='word_1_362' title='bbox 329 5208 354 5273; x_wconf 88' lang='grc'><em>6)</em></span> <span class='ocrx_word' id='word_1_363' title='bbox 369 5209 407 5258; x_wconf 88' lang='lat' dir='ltr'><em>‘N</em></span> <span class='ocrx_word' id='word_1_364' title='bbox 408 5251 412 5261; x_wconf 93' lang='lat'><em>.</em></span> <span class='ocrx_word' id='word_1_365' title='bbox 424 5208 518 5261; x_wconf 71' lang='lat' dir='ltr'><em>Arcti!</em></span> <span class='ocrx_word' id='word_1_366' title='bbox 527 5207 639 5272; x_wconf 89' lang='lat' dir='ltr'><em>XXIII,</em></span> <span class='ocrx_word' id='word_1_367' title='bbox 656 5225 684 5273; x_wconf 90' lang='lat' dir='ltr'><em>p.</em></span> <span class='ocrx_word' id='word_1_368' title='bbox 695 5210 736 5262; x_wconf 79' lang='lat'><em>74.</em></span> <span class='ocrx_word' id='word_1_369' title='bbox 793 5210 820 5272; x_wconf 87' lang='grc'><em>7)</em></span> <span class='ocrx_word' id='word_1_370' title='bbox 834 5209 877 5261; x_wconf 55' lang='grc' dir='ltr'><em>(Ν.</em></span> <span class='ocrx_word' id='word_1_371' title='bbox 892 5209 983 5261; x_wconf 73' lang='lat' dir='ltr'><em>Arcto!</em></span> <span class='ocrx_word' id='word_1_372' title='bbox 996 5209 1064 5270; x_wconf 89' lang='lat' dir='ltr'><em>XII,</em></span> <span class='ocrx_word' id='word_1_373' title='bbox 1075 5227 1102 5275; x_wconf 84' lang='lat' dir='ltr'><em>p.</em></span> <span class='ocrx_word' id='word_1_374' title='bbox 1116 5211 1184 5267; x_wconf 82' lang='lat'><em>295,·</em></span> <span class='ocrx_word' id='word_1_375' title='bbox 1196 5209 1354 5276; x_wconf 85' lang='lat' dir='ltr'><em>Mommsen,</em></span> <span class='ocrx_word' id='word_1_376' title='bbox 1368 5213 1442 5264; x_wconf 79' lang='lat' dir='ltr'><em>Aua.</em></span> 
     </span>
     <span class='ocr_line' id='line_1_43' title="bbox 328 5279 1444 5348; baseline 0.004 -20"><span class='ocrx_word' id='word_1_377' title='bbox 328 5282 411 5344; x_wconf 84' lang='lat' dir='ltr'><em>antiq.</em></span> <span class='ocrx_word' id='word_1_378' title='bbox 425 5280 493 5342; x_wconf 87' lang='lat' dir='ltr'><em>XII,</em></span> <span class='ocrx_word' id='word_1_379' title='bbox 508 5296 537 5344; x_wconf 88' lang='lat' dir='ltr'><em>p.</em></span> <span class='ocrx_word' id='word_1_380' title='bbox 550 5279 691 5332; x_wconf 89' lang='lat' dir='ltr'><em>XXXIII.</em></span> <span class='ocrx_word' id='word_1_381' title='bbox 764 5282 791 5345; x_wconf 89' lang='grc'><em>8)</em></span> <span class='ocrx_word' id='word_1_382' title='bbox 805 5281 841 5330; x_wconf 81' lang='lat' dir='ltr'><em>At</em></span> <span class='ocrx_word' id='word_1_383' title='bbox 856 5280 1012 5345; x_wconf 76' lang='lat' dir='ltr'><em>Grcporius,</em></span> <span class='ocrx_word' id='word_1_384' title='bbox 1030 5280 1067 5333; x_wconf 87' lang='lat' dir='ltr'><em>H.</em></span> <span class='ocrx_word' id='word_1_385' title='bbox 1080 5279 1130 5333; x_wconf 87' lang='lat' dir='ltr'><em>Fr.</em></span> <span class='ocrx_word' id='word_1_386' title='bbox 1140 5280 1195 5339; x_wconf 90' lang='lat' dir='ltr'><em>III,</em></span> <span class='ocrx_word' id='word_1_387' title='bbox 1214 5281 1298 5348; x_wconf 80' lang='lat' dir='ltr'><em>Pru,</em></span> <span class='ocrx_word' id='word_1_388' title='bbox 1319 5283 1444 5333; x_wconf 83' lang='lat' dir='ltr'><em>bellmum</em></span> 
     </span>
     <span class='ocr_line' id='line_1_44' title="bbox 328 5350 1444 5420; baseline 0.006 -22"><span class='ocrx_word' id='word_1_389' title='bbox 328 5366 427 5415; x_wconf 78' lang='lat' dir='ltr'><em>quoquc</em></span> <span class='ocrx_word' id='word_1_390' title='bbox 451 5352 580 5401; x_wconf 77' lang='lat' dir='ltr'><em>rationem</em></span> <span class='ocrx_word' id='word_1_391' title='bbox 604 5350 727 5401; x_wconf 79' lang='lat' dir='ltr'><em>habuisse</em></span> <span class='ocrx_word' id='word_1_392' title='bbox 750 5350 863 5417; x_wconf 81' lang='lat' dir='ltr'><em>oldetm,</em></span> <span class='ocrx_word' id='word_1_393' title='bbox 889 5367 955 5418; x_wconf 80' lang='lat' dir='ltr'><em>quae</em></span> <span class='ocrx_word' id='word_1_394' title='bbox 973 5352 1027 5416; x_wconf 77' lang='lat' dir='ltr'><em>filii</em></span> <span class='ocrx_word' id='word_1_395' title='bbox 1043 5351 1214 5403; x_wconf 73' lang='lat' dir='ltr'><em>Oktodooechi</em></span> <span class='ocrx_word' id='word_1_396' title='bbox 1237 5368 1298 5403; x_wconf 87' lang='lat' dir='ltr'><em>cum</em></span> <span class='ocrx_word' id='word_1_397' title='bbox 1316 5354 1444 5420; x_wconf 74' lang='lat' dir='ltr'><em>Barpan-</em></span> 
     </span>
     <span class='ocr_line' id='line_1_45' title="bbox 327 5421 1486 5486; baseline 0.007 -16"><span class='ocrx_word' id='word_1_398' title='bbox 327 5421 451 5471; x_wconf 84' lang='lat' dir='ltr'><em>dr&#39;om&#39;lus</em></span> <span class='ocrx_word' id='word_1_399' title='bbox 466 5427 609 5486; x_wconf 76' lang='lat' dir='ltr'><em>posseraut.</em></span> <span class='ocrx_word' id='word_1_400' title='bbox 1460 5437 1486 5478; x_wconf 81' lang='grc'><em>45</em></span> 
     </span>
    </p>
   </div>
   <div class='ocr_carea' id='block_1_7' title="bbox 0 0 1604 6800">
    <p class='ocr_par' dir='ltr' id='par_1_11' title="bbox 0 0 1604 6800">
     <span class='ocr_line' id='line_1_46' title="bbox 0 0 1604 6800; baseline 0 0"><span class='ocrx_word' id='word_1_401' title='bbox 0 0 1604 6800; x_wconf 95' lang='lat' dir='ltr'><em> </em></span> 
     </span>
    </p>
   </div>
  </div>
 </body>
</html>
