<?xml version="1.0" encoding="UTF-8"?>
<!DOCTYPE html PUBLIC "-//W3C//DTD XHTML 1.0 Transitional//EN"
    "http://www.w3.org/TR/xhtml1/DTD/xhtml1-transitional.dtd">
<html xmlns="http://www.w3.org/1999/xhtml" xml:lang="en" lang="en">
 <head>
  <title>
</title>
<meta http-equiv="Content-Type" content="text/html;charset=utf-8" />
  <meta name='ocr-system' content='tesseract 3.04.00' />
  <meta name='ocr-capabilities' content='ocr_page ocr_carea ocr_par ocr_line ocrx_word'/>
</head>
<body>
  <div class='ocr_page' id='page_1' title='image "./ionaevitaesanct00jonagoog_0322.png"; bbox 0 0 3184 6800; ppageno 0'>
   <div class='ocr_carea' id='block_1_1' title="bbox 262 1322 1139 1391">
    <p class='ocr_par' dir='ltr' id='par_1_1' title="bbox 262 1322 1139 1391">
     <span class='ocr_line' id='line_1_1' title="bbox 262 1322 1139 1391; baseline -0.003 -9"><span class='ocrx_word' id='word_1_1' title='bbox 262 1329 316 1382; x_wconf 83' lang='lat'><em>304</em></span> <span class='ocrx_word' id='word_1_2' title='bbox 501 1323 626 1391; x_wconf 85' lang='lat' dir='ltr'>IONAS,</span> <span class='ocrx_word' id='word_1_3' title='bbox 638 1322 735 1378; x_wconf 84' lang='lat' dir='ltr'>VITA</span> <span class='ocrx_word' id='word_1_4' title='bbox 747 1323 938 1378; x_wconf 81' lang='lat' dir='ltr'>VEDASTIS</span> <span class='ocrx_word' id='word_1_5' title='bbox 955 1323 1139 1381; x_wconf 79' lang='lat' dir='ltr'><strong>EPISCOPI.</strong></span> 
     </span>
    </p>
   </div>
   <div class='ocr_carea' id='block_1_2' title="bbox 261 1505 1395 3098">
    <p class='ocr_par' dir='ltr' id='par_1_2' title="bbox 261 1505 1395 3098">
     <span class='ocr_line' id='line_1_2' title="bbox 263 1505 1357 1592; baseline -0.001 -20"><span class='ocrx_word' id='word_1_6' title='bbox 263 1506 444 1592; x_wconf 73' lang='lat' dir='ltr'><em>opinionem</em></span> <span class='ocrx_word' id='word_1_7' title='bbox 474 1507 517 1570; x_wconf 89' lang='lat' dir='ltr'><em>F.</em></span> <span class='ocrx_word' id='word_1_8' title='bbox 540 1506 671 1572; x_wconf 83' lang='lat' dir='ltr'><em>Juoaru</em></span> <span class='ocrx_word' id='word_1_9' title='bbox 702 1527 804 1588; x_wconf 89' lang='lat' dir='ltr'><em>nuper</em></span> <span class='ocrx_word' id='word_1_10' title='bbox 836 1505 1010 1570; x_wconf 85' lang='lat' dir='ltr'><em>renouauit.</em></span> <span class='ocrx_word' id='word_1_11' title='bbox 1062 1505 1114 1570; x_wconf 90' lang='lat' dir='ltr'><em>Hi</em></span> <span class='ocrx_word' id='word_1_12' title='bbox 1146 1506 1248 1588; x_wconf 77' lang='lat' dir='ltr'><em>ipitur</em></span> <span class='ocrx_word' id='word_1_13' title='bbox 1277 1529 1357 1590; x_wconf 73' lang='lat' dir='ltr'><em>repon</em></span> 
     </span>
     <span class='ocr_line' id='line_1_3' title="bbox 263 1593 1357 1678; baseline 0 -19"><span class='ocrx_word' id='word_1_14' title='bbox 263 1596 429 1661; x_wconf 71' lang='lat' dir='ltr'><em>basilicam</em></span> <span class='ocrx_word' id='word_1_15' title='bbox 453 1596 487 1660; x_wconf 84' lang='lat' dir='ltr'><em>S.</em></span> <span class='ocrx_word' id='word_1_16' title='bbox 499 1593 646 1659; x_wconf 87' lang='lat' dir='ltr'><em>Martini</em></span> <span class='ocrx_word' id='word_1_17' title='bbox 661 1596 873 1660; x_wconf 86' lang='lat' dir='ltr'><em>Turonensem</em></span> <span class='ocrx_word' id='word_1_18' title='bbox 893 1618 922 1660; x_wconf 93' lang='lat' dir='ltr'><em>a.</em></span> <span class='ocrx_word' id='word_1_19' title='bbox 938 1601 1013 1658; x_wconf 81' lang='lat'><strong>508.</strong></span> <span class='ocrx_word' id='word_1_20' title='bbox 1029 1595 1150 1660; x_wconf 80' lang='lat' dir='ltr'><em>adiisse</em></span> <span class='ocrx_word' id='word_1_21' title='bbox 1170 1618 1238 1660; x_wconf 94' lang='lat' dir='ltr'><em>non</em></span> <span class='ocrx_word' id='word_1_22' title='bbox 1255 1602 1357 1678; x_wconf 76' lang='lat' dir='ltr'><em>ncaanl,</em></span> 
     </span>
     <span class='ocr_line' id='line_1_4' title="bbox 263 1683 1360 1766; baseline -0.001 -17"><span class='ocrx_word' id='word_1_23' title='bbox 263 1685 451 1766; x_wconf 88' lang='lat' dir='ltr'><em>baptismum</em></span> <span class='ocrx_word' id='word_1_24' title='bbox 473 1704 546 1748; x_wconf 88' lang='lat' dir='ltr'><em>aero</em></span> <span class='ocrx_word' id='word_1_25' title='bbox 564 1684 755 1748; x_wconf 84' lang='lat' dir='ltr'><em>contendunt</em></span> <span class='ocrx_word' id='word_1_26' title='bbox 772 1707 804 1749; x_wconf 91' lang='lat' dir='ltr'><em>a.</em></span> <span class='ocrx_word' id='word_1_27' title='bbox 821 1690 896 1748; x_wconf 83' lang='grc'><strong>496.</strong></span> <span class='ocrx_word' id='word_1_28' title='bbox 920 1683 1032 1748; x_wconf 84' lang='lat' dir='ltr'><em>Remis</em></span> <span class='ocrx_word' id='word_1_29' title='bbox 1048 1685 1262 1765; x_wconf 74' lang='lat' dir='ltr'><em>praecessisse</em></span> <span class='ocrx_word' id='word_1_30' title='bbox 1282 1706 1360 1766; x_wconf 76' lang='lat' dir='ltr'><em>neque</em></span> 
     </span>
     <span class='ocr_line' id='line_1_5' title="bbox 262 1772 1361 1853; baseline 0 -15"><span class='ocrx_word' id='word_1_31' title='bbox 262 1775 457 1838; x_wconf 82' lang='lat' dir='ltr'><em>sabsecutam</em></span> <span class='ocrx_word' id='word_1_32' title='bbox 481 1794 554 1853; x_wconf 88' lang='lat' dir='ltr'><em>esse,</em></span> <span class='ocrx_word' id='word_1_33' title='bbox 585 1772 633 1837; x_wconf 91' lang='lat' dir='ltr'><em>ita</em></span> <span class='ocrx_word' id='word_1_34' title='bbox 661 1778 697 1835; x_wconf 89' lang='lat' dir='ltr'><em>ul</em></span> <span class='ocrx_word' id='word_1_35' title='bbox 720 1779 816 1838; x_wconf 94' lang='lat' dir='ltr'><em>totam</em></span> <span class='ocrx_word' id='word_1_36' title='bbox 838 1793 946 1837; x_wconf 88' lang='lat' dir='ltr'><em>rerum</em></span> <span class='ocrx_word' id='word_1_37' title='bbox 968 1779 1121 1838; x_wconf 91' lang='lat' dir='ltr'><em>naturam</em></span> <span class='ocrx_word' id='word_1_38' title='bbox 1145 1773 1291 1838; x_wconf 89' lang='lat' dir='ltr'><em>Nicetius</em></span> <span class='ocrx_word' id='word_1_39' title='bbox 1310 1775 1361 1838; x_wconf 85' lang='lat' dir='ltr'><em>sub</em></span> 
     </span>
     <span class='ocr_line' id='line_1_6' title="bbox 262 1860 1383 1942; baseline -0.004 -15"><span class='ocrx_word' id='word_1_40' title='bbox 262 1863 412 1927; x_wconf 83' lang='lat' dir='ltr'><em>uertisset.</em></span> <span class='ocrx_word' id='word_1_41' title='bbox 459 1860 571 1925; x_wconf 87' lang='lat' dir='ltr'><em>Huius</em></span> <span class='ocrx_word' id='word_1_42' title='bbox 598 1860 852 1942; x_wconf 76' lang='lat' dir='ltr'><em>perturbationis</em></span> <span class='ocrx_word' id='word_1_43' title='bbox 886 1883 1016 1926; x_wconf 88' lang='lat' dir='ltr'><em>cansam</em></span> <span class='ocrx_word' id='word_1_44' title='bbox 1045 1863 1087 1926; x_wconf 89' lang='lat' dir='ltr'><em>F.</em></span> <span class='ocrx_word' id='word_1_45' title='bbox 1111 1863 1245 1928; x_wconf 87' lang='lat' dir='ltr'><em>Jubara</em></span> <span class='ocrx_word' id='word_1_46' title='bbox 1277 1862 1383 1928; x_wconf 78' lang='lat' dir='ltr'><em>attullts</em></span> 
     </span>
     <span class='ocr_line' id='line_1_7' title="bbox 263 1949 1362 2035; baseline -0.002 -19"><span class='ocrx_word' id='word_1_47' title='bbox 263 1951 344 2016; x_wconf 88' lang='lat' dir='ltr'><em>satis</em></span> <span class='ocrx_word' id='word_1_48' title='bbox 375 1950 524 2030; x_wconf 87' lang='lat' dir='ltr'><em>alienam,</em></span> <span class='ocrx_word' id='word_1_49' title='bbox 560 1949 678 2014; x_wconf 85' lang='lat' dir='ltr'><em>scilicet</em></span> <span class='ocrx_word' id='word_1_50' title='bbox 710 1949 919 2014; x_wconf 87' lang='lat' dir='ltr'><em>reuerentiam</em></span> <span class='ocrx_word' id='word_1_51' title='bbox 951 1951 985 2016; x_wconf 83' lang='lat' dir='ltr'><em>S.</em></span> <span class='ocrx_word' id='word_1_52' title='bbox 1009 1951 1161 2015; x_wconf 89' lang='lat' dir='ltr'><em>Martiuo</em></span> <span class='ocrx_word' id='word_1_53' title='bbox 1188 1951 1362 2035; x_wconf 85' lang='lat' dir='ltr'><em>praestitam</em></span> 
     </span>
     <span class='ocr_line' id='line_1_8' title="bbox 262 2037 1362 2122; baseline 0 -18"><span class='ocrx_word' id='word_1_54' title='bbox 262 2039 429 2119; x_wconf 77' lang='lat' dir='ltr'><em>efficacias</em></span> <span class='ocrx_word' id='word_1_55' title='bbox 452 2045 563 2103; x_wconf 90' lang='lat' dir='ltr'><em>contra</em></span> <span class='ocrx_word' id='word_1_56' title='bbox 581 2037 727 2103; x_wconf 85' lang='lat' dir='ltr'><em>Arianos</em></span> <span class='ocrx_word' id='word_1_57' title='bbox 749 2045 968 2119; x_wconf 75' lang='lat' dir='ltr'><em>arpumentum</em></span> <span class='ocrx_word' id='word_1_58' title='bbox 990 2039 1092 2118; x_wconf 88' lang='lat' dir='ltr'><em>fuisse</em></span> <span class='ocrx_word' id='word_1_59' title='bbox 1116 2040 1362 2122; x_wconf 74' lang='lat' dir='ltr'><em>baptismalia</em></span> 
     </span>
     <span class='ocr_line' id='line_1_9' title="bbox 263 2127 1362 2209; baseline 0 -18"><span class='ocrx_word' id='word_1_60' title='bbox 263 2148 322 2209; x_wconf 77' lang='lat' dir='ltr'><em>que</em></span> <span class='ocrx_word' id='word_1_61' title='bbox 351 2127 442 2191; x_wconf 90' lang='lat' dir='ltr'><em>illam</em></span> <span class='ocrx_word' id='word_1_62' title='bbox 464 2133 538 2192; x_wconf 91' lang='lat' dir='ltr'><em>aute</em></span> <span class='ocrx_word' id='word_1_63' title='bbox 560 2128 644 2191; x_wconf 84' lang='lat' dir='ltr'><em>banc</em></span> <span class='ocrx_word' id='word_1_64' title='bbox 666 2150 687 2192; x_wconf 94' lang='lat' dir='ltr'><em>a</em></span> <span class='ocrx_word' id='word_1_65' title='bbox 712 2127 838 2191; x_wconf 92' lang='lat' dir='ltr'><em>Nicetio</em></span> <span class='ocrx_word' id='word_1_66' title='bbox 860 2129 942 2192; x_wconf 84' lang='lat' dir='ltr'><em>male</em></span> <span class='ocrx_word' id='word_1_67' title='bbox 965 2128 1148 2193; x_wconf 92' lang='lat' dir='ltr'><em>collocatam</em></span> <span class='ocrx_word' id='word_1_68' title='bbox 1171 2149 1246 2193; x_wconf 88' lang='lat' dir='ltr'><em>esse.</em></span> <span class='ocrx_word' id='word_1_69' title='bbox 1291 2127 1362 2192; x_wconf 87' lang='lat' dir='ltr'><em>Mili</em></span> 
     </span>
     <span class='ocr_line' id='line_1_10' title="bbox 264 2215 1362 2299; baseline -0.002 -18"><span class='ocrx_word' id='word_1_70' title='bbox 264 2223 367 2281; x_wconf 88' lang='lat' dir='ltr'><em>autem</em></span> <span class='ocrx_word' id='word_1_71' title='bbox 401 2215 468 2299; x_wconf 88' lang='lat' dir='ltr'><em>ipsi</em></span> <span class='ocrx_word' id='word_1_72' title='bbox 505 2216 658 2296; x_wconf 90' lang='lat' dir='ltr'><em>baptismo</em></span> <span class='ocrx_word' id='word_1_73' title='bbox 692 2237 846 2280; x_wconf 78' lang='lat' dir='ltr'><em>munnam</em></span> <span class='ocrx_word' id='word_1_74' title='bbox 881 2216 945 2280; x_wconf 90' lang='lat' dir='ltr'><em>aim</em></span> <span class='ocrx_word' id='word_1_75' title='bbox 979 2239 1000 2281; x_wconf 97' lang='lat' dir='ltr'><em>a</em></span> <span class='ocrx_word' id='word_1_76' title='bbox 1035 2217 1162 2282; x_wconf 87' lang='lat' dir='ltr'><em>Nicetio</em></span> <span class='ocrx_word' id='word_1_77' title='bbox 1197 2217 1362 2282; x_wconf 78' lang='lat' dir='ltr'><em>attributam</em></span> 
     </span>
     <span class='ocr_line' id='line_1_11' title="bbox 263 2303 1395 2387; baseline -0.005 -18"><span class='ocrx_word' id='word_1_78' title='bbox 263 2305 387 2369; x_wconf 81' lang='lat' dir='ltr'><em>uidetur</em></span> <span class='ocrx_word' id='word_1_79' title='bbox 402 2326 475 2385; x_wconf 87' lang='lat' dir='ltr'><em>esse,</em></span> <span class='ocrx_word' id='word_1_80' title='bbox 492 2324 623 2385; x_wconf 80' lang='lat' dir='ltr'><em>quocum</em></span> <span class='ocrx_word' id='word_1_81' title='bbox 639 2303 813 2385; x_wconf 79' lang='lat' dir='ltr'><em>triumphos</em></span> <span class='ocrx_word' id='word_1_82' title='bbox 825 2307 862 2368; x_wconf 85' lang='lat' dir='ltr'><em>de</em></span> <span class='ocrx_word' id='word_1_83' title='bbox 873 2305 1041 2370; x_wconf 78' lang='lat' dir='ltr'><em>haereticis</em></span> <span class='ocrx_word' id='word_1_84' title='bbox 1053 2312 1156 2387; x_wconf 78' lang='lat' dir='ltr'><em>pastos</em></span> <span class='ocrx_word' id='word_1_85' title='bbox 1171 2305 1361 2384; x_wconf 76' lang='lat' dir='ltr'><em>coniunxerit,</em></span> <span class='ocrx_word' id='word_1_86' title='bbox 1375 2326 1395 2364; x_wconf 85' lang='lat' dir='ltr'><em>a</em></span> 
     </span>
     <span class='ocr_line' id='line_1_12' title="bbox 263 2393 1362 2474; baseline -0.002 -16"><span class='ocrx_word' id='word_1_87' title='bbox 263 2401 357 2474; x_wconf 78' lang='lat' dir='ltr'><em>atque</em></span> <span class='ocrx_word' id='word_1_88' title='bbox 379 2393 466 2458; x_wconf 94' lang='lat' dir='ltr'><em>nullo</em></span> <span class='ocrx_word' id='word_1_89' title='bbox 488 2395 579 2457; x_wconf 83' lang='lat' dir='ltr'><em>modo</em></span> <span class='ocrx_word' id='word_1_90' title='bbox 605 2395 802 2473; x_wconf 77' lang='lat' dir='ltr'><em>persuadere</em></span> <span class='ocrx_word' id='word_1_91' title='bbox 830 2393 910 2458; x_wconf 90' lang='lat' dir='ltr'><em>mibi</em></span> <span class='ocrx_word' id='word_1_92' title='bbox 933 2415 1064 2474; x_wconf 87' lang='lat' dir='ltr'><em>possum</em></span> <span class='ocrx_word' id='word_1_93' title='bbox 1093 2395 1232 2459; x_wconf 92' lang='lat' dir='ltr'><em>alteram</em></span> <span class='ocrx_word' id='word_1_94' title='bbox 1253 2417 1316 2460; x_wconf 90' lang='lat' dir='ltr'><em>rem</em></span> <span class='ocrx_word' id='word_1_95' title='bbox 1334 2394 1362 2458; x_wconf 88' lang='lat' dir='ltr'><em>ab</em></span> 
     </span>
     <span class='ocr_line' id='line_1_13' title="bbox 262 2481 1362 2564; baseline -0.003 -19"><span class='ocrx_word' id='word_1_96' title='bbox 262 2482 365 2547; x_wconf 90' lang='lat' dir='ltr'><em>altera</em></span> <span class='ocrx_word' id='word_1_97' title='bbox 386 2482 535 2564; x_wconf 89' lang='lat' dir='ltr'><em>separari</em></span> <span class='ocrx_word' id='word_1_98' title='bbox 558 2481 659 2562; x_wconf 87' lang='lat' dir='ltr'><em>licere,</em></span> <span class='ocrx_word' id='word_1_99' title='bbox 683 2502 820 2562; x_wconf 82' lang='lat' dir='ltr'><em>quarum</em></span> <span class='ocrx_word' id='word_1_100' title='bbox 840 2483 943 2547; x_wconf 87' lang='lat' dir='ltr'><em>altera</em></span> <span class='ocrx_word' id='word_1_101' title='bbox 963 2483 1097 2547; x_wconf 85' lang='lat' dir='ltr'><em>alteram</em></span> <span class='ocrx_word' id='word_1_102' title='bbox 1113 2487 1362 2564; x_wconf 86' lang='lat' dir='ltr'><em>praeparauerat.</em></span> 
     </span>
     <span class='ocr_line' id='line_1_14' title="bbox 264 2571 1363 2653; baseline -0.003 -17"><span class='ocrx_word' id='word_1_103' title='bbox 264 2573 374 2652; x_wconf 78' lang='lat' dir='ltr'><em>Neque</em></span> <span class='ocrx_word' id='word_1_104' title='bbox 403 2593 440 2635; x_wconf 90' lang='lat' dir='ltr'><em>ea</em></span> <span class='ocrx_word' id='word_1_105' title='bbox 470 2592 550 2653; x_wconf 80' lang='lat' dir='ltr'><em>quae</em></span> <span class='ocrx_word' id='word_1_106' title='bbox 577 2577 747 2652; x_wconf 88' lang='lat' dir='ltr'><em>praeterea</em></span> <span class='ocrx_word' id='word_1_107' title='bbox 776 2571 814 2634; x_wconf 90' lang='lat' dir='ltr'><em>in</em></span> <span class='ocrx_word' id='word_1_108' title='bbox 844 2572 878 2635; x_wconf 78' lang='lat' dir='ltr'><em>S.</em></span> <span class='ocrx_word' id='word_1_109' title='bbox 910 2571 1055 2636; x_wconf 87' lang='lat' dir='ltr'><em>Martini</em></span> <span class='ocrx_word' id='word_1_110' title='bbox 1084 2571 1253 2637; x_wconf 88' lang='lat' dir='ltr'><em>basilicam</em></span> <span class='ocrx_word' id='word_1_111' title='bbox 1285 2573 1363 2636; x_wconf 79' lang='lat' dir='ltr'><em>Tura</em></span> 
     </span>
     <span class='ocr_line' id='line_1_15' title="bbox 262 2659 1364 2743; baseline -0.003 -19"><span class='ocrx_word' id='word_1_112' title='bbox 262 2681 389 2724; x_wconf 88' lang='lat' dir='ltr'><em>ncnsem</em></span> <span class='ocrx_word' id='word_1_113' title='bbox 418 2660 502 2724; x_wconf 83' lang='lat' dir='ltr'><em>idem</em></span> <span class='ocrx_word' id='word_1_114' title='bbox 531 2659 582 2723; x_wconf 88' lang='lat' dir='ltr'><em>air</em></span> <span class='ocrx_word' id='word_1_115' title='bbox 605 2661 711 2723; x_wconf 82' lang='lat' dir='ltr'><em>doctas</em></span> <span class='ocrx_word' id='word_1_116' title='bbox 745 2659 852 2724; x_wconf 91' lang='lat' dir='ltr'><em>attulit</em></span> <span class='ocrx_word' id='word_1_117' title='bbox 885 2662 1061 2741; x_wconf 87' lang='lat' dir='ltr'><em>approbare</em></span> <span class='ocrx_word' id='word_1_118' title='bbox 1088 2682 1231 2743; x_wconf 84' lang='lat' dir='ltr'><em>possum,</em></span> <span class='ocrx_word' id='word_1_119' title='bbox 1266 2661 1364 2726; x_wconf 84' lang='lat' dir='ltr'><em>scilicet</em></span> 
     </span>
     <span class='ocr_line' id='line_1_16' title="bbox 263 2747 1395 2831; baseline 0.001 -20"><span class='ocrx_word' id='word_1_120' title='bbox 263 2748 478 2830; x_wconf 77' lang='lat' dir='ltr'><em>baptisterium</em></span> <span class='ocrx_word' id='word_1_121' title='bbox 501 2747 565 2828; x_wconf 90' lang='lat' dir='ltr'><em>ipsi</em></span> <span class='ocrx_word' id='word_1_122' title='bbox 593 2770 615 2812; x_wconf 95' lang='lat' dir='ltr'><em>a</em></span> <span class='ocrx_word' id='word_1_123' title='bbox 643 2747 797 2830; x_wconf 74' lang='lat' dir='ltr'><em>Greporio</em></span> <span class='ocrx_word' id='word_1_124' title='bbox 820 2749 942 2813; x_wconf 84' lang='lat' dir='ltr'><em>demum</em></span> <span class='ocrx_word' id='word_1_125' title='bbox 965 2749 1110 2814; x_wconf 82' lang='lat' dir='ltr'><em>additum</em></span> <span class='ocrx_word' id='word_1_126' title='bbox 1132 2771 1199 2814; x_wconf 88' lang='lat' dir='ltr'><em>esse</em></span> <span class='ocrx_word' id='word_1_127' title='bbox 1221 2766 1395 2831; x_wconf 75' lang='lat' dir='ltr'><em>repemqus</em></span> 
     </span>
     <span class='ocr_line' id='line_1_17' title="bbox 262 2837 1363 2918; baseline 0.001 -18"><span class='ocrx_word' id='word_1_128' title='bbox 262 2837 308 2901; x_wconf 91' lang='lat' dir='ltr'><em>ibi</em></span> <span class='ocrx_word' id='word_1_129' title='bbox 331 2837 524 2918; x_wconf 69' lang='lat' dir='ltr'><em>baptisatam</em></span> <span class='ocrx_word' id='word_1_130' title='bbox 547 2858 699 2900; x_wconf 89' lang='lat' dir='ltr'><em>essenon</em></span> <span class='ocrx_word' id='word_1_131' title='bbox 716 2857 819 2917; x_wconf 87' lang='lat' dir='ltr'><em>posse,</em></span> <span class='ocrx_word' id='word_1_132' title='bbox 843 2837 920 2918; x_wconf 77' lang='lat' dir='ltr'><em>qaia</em></span> <span class='ocrx_word' id='word_1_133' title='bbox 943 2838 1012 2902; x_wconf 87' lang='lat' dir='ltr'><em>eius</em></span> <span class='ocrx_word' id='word_1_134' title='bbox 1034 2859 1109 2902; x_wconf 91' lang='lat' dir='ltr'><em>aeoo</em></span> <span class='ocrx_word' id='word_1_135' title='bbox 1131 2860 1198 2903; x_wconf 93' lang='lat' dir='ltr'><em>non</em></span> <span class='ocrx_word' id='word_1_136' title='bbox 1221 2839 1363 2916; x_wconf 74' lang='lat' dir='ltr'><em>extitisset,</em></span> 
     </span>
     <span class='ocr_line' id='line_1_18' title="bbox 263 2924 1365 3008; baseline 0 -18"><span class='ocrx_word' id='word_1_137' title='bbox 263 2927 300 2990; x_wconf 91' lang='lat' dir='ltr'><em>ial</em></span> <span class='ocrx_word' id='word_1_138' title='bbox 327 2928 410 3007; x_wconf 77' lang='lat' dir='ltr'><em>quael</em></span> <span class='ocrx_word' id='word_1_139' title='bbox 438 2932 548 2990; x_wconf 88' lang='lat' dir='ltr'><em>auctor</em></span> <span class='ocrx_word' id='word_1_140' title='bbox 570 2924 738 2989; x_wconf 84' lang='lat' dir='ltr'><em>Historiae</em></span> <span class='ocrx_word' id='word_1_141' title='bbox 760 2925 964 2990; x_wconf 86' lang='lat' dir='ltr'><em>Francorum</em></span> <span class='ocrx_word' id='word_1_142' title='bbox 994 2947 1059 2990; x_wconf 94' lang='lat' dir='ltr'><em>non</em></span> <span class='ocrx_word' id='word_1_143' title='bbox 1080 2926 1270 3008; x_wconf 79' lang='lat' dir='ltr'><em>ipnorasset.</em></span> <span class='ocrx_word' id='word_1_144' title='bbox 1313 2927 1365 2991; x_wconf 89' lang='lat' dir='ltr'><em>Ba·</em></span> 
     </span>
     <span class='ocr_line' id='line_1_19' title="bbox 261 3011 1366 3098; baseline -0.001 -19"><span class='ocrx_word' id='word_1_145' title='bbox 261 3014 385 3080; x_wconf 78' lang='lat' dir='ltr'><em>silicam</em></span> <span class='ocrx_word' id='word_1_146' title='bbox 401 3014 486 3079; x_wconf 90' lang='lat' dir='ltr'><em>enim</em></span> <span class='ocrx_word' id='word_1_147' title='bbox 504 3015 642 3078; x_wconf 88' lang='lat' dir='ltr'><em>absolute</em></span> <span class='ocrx_word' id='word_1_148' title='bbox 657 3013 798 3095; x_wconf 88' lang='lat' dir='ltr'><em>positam</em></span> <span class='ocrx_word' id='word_1_149' title='bbox 813 3016 858 3079; x_wconf 90' lang='lat' dir='ltr'><em>aal</em></span> <span class='ocrx_word' id='word_1_150' title='bbox 873 3011 906 3077; x_wconf 77' lang='lat' dir='ltr'><em>S.</em></span> <span class='ocrx_word' id='word_1_151' title='bbox 923 3015 1069 3079; x_wconf 89' lang='lat' dir='ltr'><em>Martini</em></span> <span class='ocrx_word' id='word_1_152' title='bbox 1084 3019 1172 3098; x_wconf 83' lang='lat' dir='ltr'><em>apud</em></span> <span class='ocrx_word' id='word_1_153' title='bbox 1191 3016 1366 3098; x_wconf 77' lang='lat' dir='ltr'><em>Greporium</em></span> 
     </span>
    </p>
   </div>
   <div class='ocr_carea' id='block_1_3' title="bbox 144 3102 1364 3185">
    <p class='ocr_par' dir='ltr' id='par_1_3' title="bbox 144 3102 1364 3185">
     <span class='ocr_line' id='line_1_20' title="bbox 144 3102 1364 3185; baseline -0.002 -17"><span class='ocrx_word' id='word_1_154' title='bbox 144 3133 145 3137; x_wconf 42' lang='lat'>¹</span> <span class='ocrx_word' id='word_1_155' title='bbox 262 3125 382 3184; x_wconf 88' lang='lat' dir='ltr'><em>semper</em></span> <span class='ocrx_word' id='word_1_156' title='bbox 404 3104 606 3181; x_wconf 78' lang='lat' dir='ltr'><em>referendam</em></span> <span class='ocrx_word' id='word_1_157' title='bbox 636 3123 701 3167; x_wconf 88' lang='lat' dir='ltr'><em>esse</em></span> <span class='ocrx_word' id='word_1_158' title='bbox 723 3102 777 3166; x_wconf 88' lang='lat' dir='ltr'><em>ille</em></span> <span class='ocrx_word' id='word_1_159' title='bbox 801 3103 1002 3167; x_wconf 77' lang='lat' dir='ltr'><em>existimarut.</em></span> <span class='ocrx_word' id='word_1_160' title='bbox 1053 3105 1144 3185; x_wconf 75' lang='lat' dir='ltr'><em>Quoi</em></span> <span class='ocrx_word' id='word_1_161' title='bbox 1165 3111 1200 3168; x_wconf 91' lang='lat' dir='ltr'><em>ut</em></span> <span class='ocrx_word' id='word_1_162' title='bbox 1223 3106 1272 3169; x_wconf 92' lang='lat' dir='ltr'><em>ita</em></span> <span class='ocrx_word' id='word_1_163' title='bbox 1294 3108 1364 3181; x_wconf 89' lang='lat' dir='ltr'><em>esset,</em></span> 
     </span>
    </p>
   </div>
   <div class='ocr_carea' id='block_1_4' title="bbox 255 3186 1407 5055">
    <p class='ocr_par' dir='ltr' id='par_1_4' title="bbox 262 3186 1397 3362">
     <span class='ocr_line' id='line_1_21' title="bbox 262 3186 1397 3276; baseline 0 -19"><span class='ocrx_word' id='word_1_164' title='bbox 262 3199 367 3257; x_wconf 92' lang='lat' dir='ltr'><em>tamen</em></span> <span class='ocrx_word' id='word_1_165' title='bbox 401 3191 576 3273; x_wconf 79' lang='lat' dir='ltr'><em>Greporius</em></span> <span class='ocrx_word' id='word_1_166' title='bbox 615 3191 684 3274; x_wconf 85' lang='lat' dir='ltr'><em>ipse</em></span> <span class='ocrx_word' id='word_1_167' title='bbox 719 3212 791 3255; x_wconf 86' lang='lat' dir='ltr'><em>mon</em></span> <span class='ocrx_word' id='word_1_168' title='bbox 828 3194 866 3256; x_wconf 85' lang='lat' dir='ltr'><em>de</em></span> <span class='ocrx_word' id='word_1_169' title='bbox 903 3192 967 3256; x_wconf 89' lang='lat' dir='ltr'><em>‘illo</em></span> <span class='ocrx_word' id='word_1_170' title='bbox 996 3193 1143 3274; x_wconf 89' lang='lat' dir='ltr'><em>priore</em></span> <span class='ocrx_word' id='word_1_171' title='bbox 1185 3186 1397 3276; x_wconf 69' lang='lat' dir='ltr'><em>baptisteriis</em></span> 
     </span>
     <span class='ocr_line' id='line_1_22' title="bbox 262 3278 1367 3362; baseline 0.003 -18"><span class='ocrx_word' id='word_1_172' title='bbox 262 3281 381 3346; x_wconf 92' lang='lat' dir='ltr'><em>locutus</em></span> <span class='ocrx_word' id='word_1_173' title='bbox 424 3282 489 3345; x_wconf 77' lang='grc' dir='ltr'><em>οοί1</em></span> <span class='ocrx_word' id='word_1_174' title='bbox 534 3287 626 3361; x_wconf 83' lang='lat' dir='ltr'><em>atque</em></span> <span class='ocrx_word' id='word_1_175' title='bbox 673 3278 717 3343; x_wconf 81' lang='lat' dir='ltr'><em>‘in</em></span> <span class='ocrx_word' id='word_1_176' title='bbox 767 3280 949 3362; x_wconf 88' lang='lat' dir='ltr'><em>baptisterio</em></span> <span class='ocrx_word' id='word_1_177' title='bbox 993 3284 1038 3346; x_wconf 80' lang='lat' dir='ltr'><em>acl</em></span> <span class='ocrx_word' id='word_1_178' title='bbox 1082 3282 1261 3347; x_wconf 87' lang='lat' dir='ltr'><em>basilicam&#39;</em></span> <span class='ocrx_word' id='word_1_179' title='bbox 1304 3283 1367 3347; x_wconf 87' lang='lat' dir='ltr'><em>Per·</em></span> 
     </span>
    </p>

    <p class='ocr_par' dir='ltr' id='par_1_5' title="bbox 255 3368 1367 3455">
     <span class='ocr_line' id='line_1_23' title="bbox 255 3368 1367 3455; baseline 0.002 -21"><span class='ocrx_word' id='word_1_180' title='bbox 255 3376 370 3451; x_wconf 88' lang='lat' dir='ltr'><em>potuus</em></span> <span class='ocrx_word' id='word_1_181' title='bbox 426 3368 589 3453; x_wconf 89' lang='lat' dir='ltr'><em>episcopus</em></span> <span class='ocrx_word' id='word_1_182' title='bbox 641 3369 852 3434; x_wconf 86' lang='lat' dir='ltr'><em>Turonensis</em></span> <span class='ocrx_word' id='word_1_183' title='bbox 887 3369 954 3435; x_wconf 91' lang='lat' dir='ltr'><em>iarn</em></span> <span class='ocrx_word' id='word_1_184' title='bbox 1005 3371 1128 3436; x_wconf 87' lang='lat' dir='ltr'><em>saeculo</em></span> <span class='ocrx_word' id='word_1_185' title='bbox 1174 3372 1212 3436; x_wconf 88' lang='lat' dir='ltr'><em>V.</em></span> <span class='ocrx_word' id='word_1_186' title='bbox 1251 3371 1367 3455; x_wconf 80' lang='lat' dir='ltr'><em>uipilias</em></span> 
     </span>
    </p>

    <p class='ocr_par' dir='ltr' id='par_1_6' title="bbox 261 3455 1369 3544">
     <span class='ocr_line' id='line_1_24' title="bbox 261 3455 1369 3544; baseline 0.002 -21"><span class='ocrx_word' id='word_1_187' title='bbox 261 3461 365 3523; x_wconf 78' lang='lat' dir='ltr'><em>coelem</em></span> <span class='ocrx_word' id='word_1_188' title='bbox 395 3465 467 3523; x_wconf 91' lang='lat' dir='ltr'><em>teste</em></span> <span class='ocrx_word' id='word_1_189' title='bbox 496 3459 734 3523; x_wconf 59' lang='lat' dir='ltr'><em>celebraveras</em></span> <span class='ocrx_word' id='word_1_190' title='bbox 793 3459 875 3524; x_wconf 79' lang='lat' dir='ltr'><em>Uace</em></span> <span class='ocrx_word' id='word_1_191' title='bbox 904 3481 986 3541; x_wconf 85' lang='lat' dir='ltr'><em>cero,</em></span> <span class='ocrx_word' id='word_1_192' title='bbox 1016 3482 1056 3525; x_wconf 90' lang='lat' dir='ltr'><em>ue</em></span> <span class='ocrx_word' id='word_1_193' title='bbox 1079 3461 1298 3544; x_wconf 88' lang='lat' dir='ltr'><em>propositioni</em></span> <span class='ocrx_word' id='word_1_194' title='bbox 1328 3455 1369 3525; x_wconf 85' lang='lat' dir='ltr'><em>illl</em></span> 
     </span>
    </p>

    <p class='ocr_par' dir='ltr' id='par_1_7' title="bbox 261 3545 1369 3631">
     <span class='ocr_line' id='line_1_25' title="bbox 261 3545 1369 3631; baseline 0.001 -21"><span class='ocrx_word' id='word_1_195' title='bbox 261 3548 396 3611; x_wconf 90' lang='lat' dir='ltr'><em>nimiam</em></span> <span class='ocrx_word' id='word_1_196' title='bbox 429 3548 523 3627; x_wconf 69' lang='lat' dir='ltr'><em>tidem</em></span> <span class='ocrx_word' id='word_1_197' title='bbox 552 3547 685 3628; x_wconf 81' lang='lat' dir='ltr'><em>tribuas,</em></span> <span class='ocrx_word' id='word_1_198' title='bbox 721 3569 797 3611; x_wconf 92' lang='lat' dir='ltr'><em>uam</em></span> <span class='ocrx_word' id='word_1_199' title='bbox 832 3548 998 3613; x_wconf 89' lang='lat' dir='ltr'><em>basilicam</em></span> <span class='ocrx_word' id='word_1_200' title='bbox 1030 3549 1122 3614; x_wconf 92' lang='lat' dir='ltr'><em>illam</em></span> <span class='ocrx_word' id='word_1_201' title='bbox 1151 3545 1285 3631; x_wconf 79' lang='lat' dir='ltr'><em>utroque</em></span> <span class='ocrx_word' id='word_1_202' title='bbox 1315 3552 1369 3614; x_wconf 89' lang='lat' dir='ltr'><em>loco</em></span> 
     </span>
    </p>

    <p class='ocr_par' dir='ltr' id='par_1_8' title="bbox 255 3635 1402 3808">
     <span class='ocr_line' id='line_1_26' title="bbox 261 3635 1402 3719; baseline 0 -19"><span class='ocrx_word' id='word_1_203' title='bbox 261 3636 413 3700; x_wconf 87' lang='lat' dir='ltr'><em>maiorem</em></span> <span class='ocrx_word' id='word_1_204' title='bbox 442 3657 540 3717; x_wconf 81' lang='lat' dir='ltr'><em>neque</em></span> <span class='ocrx_word' id='word_1_205' title='bbox 564 3636 596 3700; x_wconf 72' lang='lat' dir='ltr'><em>S.</em></span> <span class='ocrx_word' id='word_1_206' title='bbox 621 3635 766 3700; x_wconf 87' lang='lat' dir='ltr'><em>Martini</em></span> <span class='ocrx_word' id='word_1_207' title='bbox 795 3636 934 3719; x_wconf 78' lang='lat' dir='ltr'><em>intollepi</em></span> <span class='ocrx_word' id='word_1_208' title='bbox 963 3639 1030 3702; x_wconf 87' lang='lat' dir='ltr'><em>uult</em></span> <span class='ocrx_word' id='word_1_209' title='bbox 1057 3638 1109 3701; x_wconf 87' lang='lat' dir='ltr'><em>air</em></span> <span class='ocrx_word' id='word_1_210' title='bbox 1131 3639 1250 3703; x_wconf 85' lang='lat' dir='ltr'><em>barum</em></span> <span class='ocrx_word' id='word_1_211' title='bbox 1273 3656 1369 3704; x_wconf 87' lang='lat' dir='ltr'><em>rerum</em></span> <span class='ocrx_word' id='word_1_212' title='bbox 1383 3650 1402 3691; x_wconf 74' lang='lat' dir='ltr'><em>t</em></span> 
     </span>
     <span class='ocr_line' id='line_1_27' title="bbox 255 3724 1369 3808; baseline 0.004 -20"><span class='ocrx_word' id='word_1_213' title='bbox 255 3725 501 3806; x_wconf 45' lang='lat' dir='ltr'><em>peritissimus&amp;</em></span> <span class='ocrx_word' id='word_1_214' title='bbox 558 3724 794 3808; x_wconf 85' lang='lat' dir='ltr'><em>Baptisterium</em></span> <span class='ocrx_word' id='word_1_215' title='bbox 832 3726 861 3788; x_wconf 88' lang='lat' dir='ltr'><em>si</em></span> <span class='ocrx_word' id='word_1_216' title='bbox 898 3726 993 3790; x_wconf 87' lang='lat' dir='ltr'><em>alteri</em></span> <span class='ocrx_word' id='word_1_217' title='bbox 1030 3727 1177 3792; x_wconf 87' lang='lat' dir='ltr'><em>ecclesiae</em></span> <span class='ocrx_word' id='word_1_218' title='bbox 1212 3728 1369 3804; x_wconf 81' lang='lat' dir='ltr'><em>ademeris,</em></span> 
     </span>
    </p>

    <p class='ocr_par' dir='ltr' id='par_1_9' title="bbox 261 3813 1369 3895">
     <span class='ocr_line' id='line_1_28' title="bbox 261 3813 1369 3895; baseline 0.001 -17"><span class='ocrx_word' id='word_1_219' title='bbox 261 3814 355 3878; x_wconf 90' lang='lat' dir='ltr'><em>alteri</em></span> <span class='ocrx_word' id='word_1_220' title='bbox 376 3814 460 3878; x_wconf 84' lang='lat' dir='ltr'><em>ialam</em></span> <span class='ocrx_word' id='word_1_221' title='bbox 483 3813 653 3878; x_wconf 87' lang='lat' dir='ltr'><em>attribuere</em></span> <span class='ocrx_word' id='word_1_222' title='bbox 675 3834 798 3878; x_wconf 89' lang='lat' dir='ltr'><em>necesse</em></span> <span class='ocrx_word' id='word_1_223' title='bbox 817 3821 862 3878; x_wconf 87' lang='lat' dir='ltr'><em>est</em></span> <span class='ocrx_word' id='word_1_224' title='bbox 884 3822 976 3895; x_wconf 83' lang='lat' dir='ltr'><em>atque</em></span> <span class='ocrx_word' id='word_1_225' title='bbox 997 3837 1062 3880; x_wconf 92' lang='lat' dir='ltr'><em>non</em></span> <span class='ocrx_word' id='word_1_226' title='bbox 1085 3818 1218 3880; x_wconf 89' lang='lat' dir='ltr'><em>multum</em></span> <span class='ocrx_word' id='word_1_227' title='bbox 1241 3818 1369 3892; x_wconf 87' lang='lat' dir='ltr'><em>interest,</em></span> 
     </span>
    </p>

    <p class='ocr_par' dir='ltr' id='par_1_10' title="bbox 260 3901 1371 3971">
     <span class='ocr_line' id='line_1_29' title="bbox 260 3901 1371 3971; baseline 0.003 -5"><span class='ocrx_word' id='word_1_228' title='bbox 260 3910 366 3967; x_wconf 89' lang='lat' dir='ltr'><em>utrum</em></span> <span class='ocrx_word' id='word_1_229' title='bbox 383 3904 416 3968; x_wconf 80' lang='lat' dir='ltr'><em>S.</em></span> <span class='ocrx_word' id='word_1_230' title='bbox 433 3902 579 3967; x_wconf 87' lang='lat' dir='ltr'><em>Martini</em></span> <span class='ocrx_word' id='word_1_231' title='bbox 595 3924 639 3966; x_wconf 94' lang='lat' dir='ltr'><em>an</em></span> <span class='ocrx_word' id='word_1_232' title='bbox 658 3901 759 3966; x_wconf 91' lang='lat' dir='ltr'><em>aliam</em></span> <span class='ocrx_word' id='word_1_233' title='bbox 781 3903 871 3966; x_wconf 88' lang='lat' dir='ltr'><em>urbis</em></span> <span class='ocrx_word' id='word_1_234' title='bbox 890 3904 1087 3968; x_wconf 85' lang='lat' dir='ltr'><em>Turonensis</em></span> <span class='ocrx_word' id='word_1_235' title='bbox 1108 3906 1275 3970; x_wconf 88' lang='lat' dir='ltr'><em>ecclesiam</em></span> <span class='ocrx_word' id='word_1_236' title='bbox 1297 3912 1371 3971; x_wconf 88' lang='lat' dir='ltr'><em>aute·</em></span> 
     </span>
    </p>

    <p class='ocr_par' dir='ltr' id='par_1_11' title="bbox 255 3989 1371 4072">
     <span class='ocr_line' id='line_1_30' title="bbox 255 3989 1371 4072; baseline -0.001 -17"><span class='ocrx_word' id='word_1_237' title='bbox 255 3992 411 4072; x_wconf 87' lang='lat' dir='ltr'><em>posueris.</em></span> <span class='ocrx_word' id='word_1_238' title='bbox 463 3991 551 4056; x_wconf 83' lang='lat' dir='ltr'><em>Oerte</em></span> <span class='ocrx_word' id='word_1_239' title='bbox 575 3991 719 4055; x_wconf 81' lang='lat' dir='ltr'><em>Turonos</em></span> <span class='ocrx_word' id='word_1_240' title='bbox 749 3989 788 4053; x_wconf 83' lang='lat' dir='ltr'><em>F.</em></span> <span class='ocrx_word' id='word_1_241' title='bbox 813 3993 943 4056; x_wconf 80' lang='lat' dir='ltr'><em>Jrnbaru</em></span> <span class='ocrx_word' id='word_1_242' title='bbox 973 3992 1072 4057; x_wconf 87' lang='lat' dir='ltr'><em>leuius</em></span> <span class='ocrx_word' id='word_1_243' title='bbox 1102 3994 1273 4060; x_wconf 77' lang='lat' dir='ltr'><em>exclusisse</em></span> <span class='ocrx_word' id='word_1_244' title='bbox 1300 3989 1371 4058; x_wconf 85' lang='lat' dir='ltr'><em>mibi</em></span> 
     </span>
    </p>

    <p class='ocr_par' dir='ltr' id='par_1_12' title="bbox 260 4081 1403 4250">
     <span class='ocr_line' id='line_1_31' title="bbox 260 4081 1403 4165; baseline 0.001 -21"><span class='ocrx_word' id='word_1_245' title='bbox 260 4081 384 4145; x_wconf 85' lang='lat' dir='ltr'><em>uidetur</em></span> <span class='ocrx_word' id='word_1_246' title='bbox 406 4101 501 4162; x_wconf 77' lang='lat' dir='ltr'><em>quam</em></span> <span class='ocrx_word' id='word_1_247' title='bbox 521 4086 685 4163; x_wconf 87' lang='lat' dir='ltr'><em>parerat,</em></span> <span class='ocrx_word' id='word_1_248' title='bbox 713 4086 748 4142; x_wconf 94' lang='lat' dir='ltr'><em>ut</em></span> <span class='ocrx_word' id='word_1_249' title='bbox 769 4083 878 4145; x_wconf 92' lang='lat' dir='ltr'><em>urbem</em></span> <span class='ocrx_word' id='word_1_250' title='bbox 901 4081 1086 4146; x_wconf 85' lang='lat' dir='ltr'><em>Remeusern</em></span> <span class='ocrx_word' id='word_1_251' title='bbox 1109 4083 1317 4165; x_wconf 79' lang='lat' dir='ltr'><em>substitueret,</em></span> <span class='ocrx_word' id='word_1_252' title='bbox 1339 4096 1403 4147; x_wconf 68' lang='lat' dir='ltr'><em>eat</em></span> 
     </span>
     <span class='ocr_line' id='line_1_32' title="bbox 260 4168 1372 4250; baseline 0.002 -17"><span class='ocrx_word' id='word_1_253' title='bbox 260 4190 324 4250; x_wconf 78' lang='lat' dir='ltr'><em>qua</em></span> <span class='ocrx_word' id='word_1_254' title='bbox 343 4169 475 4234; x_wconf 90' lang='lat' dir='ltr'><em>salutem</em></span> <span class='ocrx_word' id='word_1_255' title='bbox 495 4168 706 4235; x_wconf 79' lang='lat' dir='ltr'><em>christianam</em></span> <span class='ocrx_word' id='word_1_256' title='bbox 722 4168 866 4234; x_wconf 86' lang='lat' dir='ltr'><em>Francis</em></span> <span class='ocrx_word' id='word_1_257' title='bbox 880 4177 1021 4235; x_wconf 83' lang='lat' dir='ltr'><em>eaortam</em></span> <span class='ocrx_word' id='word_1_258' title='bbox 1037 4192 1102 4235; x_wconf 90' lang='lat' dir='ltr'><em>esse</em></span> <span class='ocrx_word' id='word_1_259' title='bbox 1117 4172 1248 4236; x_wconf 91' lang='lat' dir='ltr'><em>omnino</em></span> <span class='ocrx_word' id='word_1_260' title='bbox 1264 4179 1372 4237; x_wconf 87' lang='lat' dir='ltr'><em>certum</em></span> 
     </span>
    </p>

    <p class='ocr_par' dir='ltr' id='par_1_13' title="bbox 260 4256 1371 4341">
     <span class='ocr_line' id='line_1_33' title="bbox 260 4256 1371 4341; baseline 0.002 -20"><span class='ocrx_word' id='word_1_261' title='bbox 260 4259 383 4339; x_wconf 82' lang='lat' dir='ltr'><em>babuit,</em></span> <span class='ocrx_word' id='word_1_262' title='bbox 419 4280 516 4338; x_wconf 83' lang='lat' dir='ltr'><em>neque</em></span> <span class='ocrx_word' id='word_1_263' title='bbox 548 4257 586 4321; x_wconf 93' lang='lat' dir='ltr'><em>in</em></span> <span class='ocrx_word' id='word_1_264' title='bbox 620 4256 809 4321; x_wconf 78' lang='lat' dir='ltr'><em>adhibendis</em></span> <span class='ocrx_word' id='word_1_265' title='bbox 841 4258 984 4336; x_wconf 84' lang='lat' dir='ltr'><em>fontibus</em></span> <span class='ocrx_word' id='word_1_266' title='bbox 1016 4259 1136 4323; x_wconf 82' lang='lat' dir='ltr'><em>iudicio</em></span> <span class='ocrx_word' id='word_1_267' title='bbox 1170 4261 1253 4326; x_wconf 90' lang='lat' dir='ltr'><em>satis</em></span> <span class='ocrx_word' id='word_1_268' title='bbox 1287 4264 1371 4341; x_wconf 70' lang='lat' dir='ltr'><em>tirno</em></span> 
     </span>
    </p>

    <p class='ocr_par' dir='ltr' id='par_1_14' title="bbox 260 4346 1372 4429">
     <span class='ocr_line' id='line_1_34' title="bbox 260 4346 1372 4429; baseline 0.003 -18"><span class='ocrx_word' id='word_1_269' title='bbox 260 4368 381 4428; x_wconf 89' lang='lat' dir='ltr'><em>semper</em></span> <span class='ocrx_word' id='word_1_270' title='bbox 402 4368 478 4410; x_wconf 89' lang='lat' dir='ltr'><em>usus</em></span> <span class='ocrx_word' id='word_1_271' title='bbox 493 4353 546 4428; x_wconf 81' lang='lat' dir='ltr'><em>est,</em></span> <span class='ocrx_word' id='word_1_272' title='bbox 563 4353 592 4410; x_wconf 92' lang='lat' dir='ltr'><em>et</em></span> <span class='ocrx_word' id='word_1_273' title='bbox 607 4346 750 4410; x_wconf 88' lang='lat' dir='ltr'><em>obortam</em></span> <span class='ocrx_word' id='word_1_274' title='bbox 765 4347 932 4412; x_wconf 76' lang='lat' dir='ltr'><em>Luelonici</em></span> <span class='ocrx_word' id='word_1_275' title='bbox 948 4347 1005 4412; x_wconf 89' lang='lat' dir='ltr'><em>Pii</em></span> <span class='ocrx_word' id='word_1_276' title='bbox 1019 4354 1194 4429; x_wconf 89' lang='lat' dir='ltr'><em>suspectam</em></span> <span class='ocrx_word' id='word_1_277' title='bbox 1210 4350 1372 4414; x_wconf 78' lang='lat' dir='ltr'><em>aunuum</em></span> 
     </span>
    </p>

    <p class='ocr_par' dir='ltr' id='par_1_15' title="bbox 260 4436 536 4501">
     <span class='ocr_line' id='line_1_35' title="bbox 260 4436 536 4501; baseline -0.007 -2"><span class='ocrx_word' id='word_1_278' title='bbox 260 4442 289 4499; x_wconf 92' lang='lat' dir='ltr'><em>et</em></span> <span class='ocrx_word' id='word_1_279' title='bbox 311 4436 536 4501; x_wconf 89' lang='lat' dir='ltr'><em>Hincmarum.</em></span> 
     </span>
    </p>

    <p class='ocr_par' dir='ltr' id='par_1_16' title="bbox 259 4524 1407 5055">
     <span class='ocr_line' id='line_1_36' title="bbox 366 4524 1405 4593; baseline 0.003 -5"><span class='ocrx_word' id='word_1_280' title='bbox 366 4526 423 4589; x_wconf 82' lang='lat' dir='ltr'><em>Aa</em></span> <span class='ocrx_word' id='word_1_281' title='bbox 455 4524 564 4589; x_wconf 83' lang='lat' dir='ltr'><em>iornni</em></span> <span class='ocrx_word' id='word_1_282' title='bbox 597 4525 743 4589; x_wconf 87' lang='lat' dir='ltr'><em>Martini</em></span> <span class='ocrx_word' id='word_1_283' title='bbox 777 4524 893 4589; x_wconf 91' lang='lat' dir='ltr'><em>limina</em></span> <span class='ocrx_word' id='word_1_284' title='bbox 932 4525 1166 4590; x_wconf 77' lang='lat' dir='ltr'><em>Obloilooecbus</em></span> <span class='ocrx_word' id='word_1_285' title='bbox 1203 4549 1271 4592; x_wconf 94' lang='lat' dir='ltr'><em>non</em></span> <span class='ocrx_word' id='word_1_286' title='bbox 1307 4534 1405 4593; x_wconf 68' lang='lat' dir='ltr'><em>anus</em></span> 
     </span>
     <span class='ocr_line' id='line_1_37' title="bbox 261 4612 1373 4698; baseline 0.001 -20"><span class='ocrx_word' id='word_1_287' title='bbox 261 4612 371 4678; x_wconf 86' lang='lat' dir='ltr'><em>cecidit</em></span> <span class='ocrx_word' id='word_1_288' title='bbox 400 4619 430 4677; x_wconf 90' lang='lat' dir='ltr'><em>et</em></span> <span class='ocrx_word' id='word_1_289' title='bbox 457 4634 489 4678; x_wconf 89' lang='lat' dir='ltr'><em>se</em></span> <span class='ocrx_word' id='word_1_290' title='bbox 519 4613 747 4696; x_wconf 74' lang='lat' dir='ltr'><em>baptisandum</em></span> <span class='ocrx_word' id='word_1_291' title='bbox 778 4613 910 4694; x_wconf 84' lang='lat' dir='ltr'><em>curauit,</em></span> <span class='ocrx_word' id='word_1_292' title='bbox 941 4635 1035 4695; x_wconf 80' lang='lat' dir='ltr'><em>quam</em></span> <span class='ocrx_word' id='word_1_293' title='bbox 1064 4616 1204 4695; x_wconf 89' lang='lat' dir='ltr'><em>probata</em></span> <span class='ocrx_word' id='word_1_294' title='bbox 1228 4616 1373 4698; x_wconf 80' lang='lat' dir='ltr'><em>capnoait,</em></span> 
     </span>
     <span class='ocr_line' id='line_1_38' title="bbox 260 4702 1375 4786; baseline 0.003 -21"><span class='ocrx_word' id='word_1_295' title='bbox 260 4708 382 4783; x_wconf 79' lang='lat' dir='ltr'><em>quanta</em></span> <span class='ocrx_word' id='word_1_296' title='bbox 404 4702 441 4766; x_wconf 94' lang='lat' dir='ltr'><em>in</em></span> <span class='ocrx_word' id='word_1_297' title='bbox 465 4702 688 4767; x_wconf 79' lang='lat' dir='ltr'><em>catholicorum</em></span> <span class='ocrx_word' id='word_1_298' title='bbox 711 4702 849 4767; x_wconf 86' lang='lat' dir='ltr'><em>ecclesiis</em></span> <span class='ocrx_word' id='word_1_299' title='bbox 869 4702 1028 4767; x_wconf 89' lang='lat' dir='ltr'><em>miracula</em></span> <span class='ocrx_word' id='word_1_300' title='bbox 1050 4706 1163 4783; x_wconf 76' lang='lat' dir='ltr'><em>fierent</em></span> <span class='ocrx_word' id='word_1_301' title='bbox 1186 4726 1287 4786; x_wconf 82' lang='lat' dir='ltr'><em>neque</em></span> <span class='ocrx_word' id='word_1_302' title='bbox 1308 4725 1375 4769; x_wconf 89' lang='lat' dir='ltr'><em>aero</em></span> 
     </span>
     <span class='ocr_line' id='line_1_39' title="bbox 259 4790 1376 4875; baseline 0.003 -20"><span class='ocrx_word' id='word_1_303' title='bbox 259 4792 297 4855; x_wconf 92' lang='lat' dir='ltr'><em>in</em></span> <span class='ocrx_word' id='word_1_304' title='bbox 312 4791 522 4872; x_wconf 74' lang='lat' dir='ltr'><em>Asianorum,</em></span> <span class='ocrx_word' id='word_1_305' title='bbox 543 4794 627 4855; x_wconf 79' lang='lat' dir='ltr'><em>ando</em></span> <span class='ocrx_word' id='word_1_306' title='bbox 643 4791 744 4856; x_wconf 90' lang='lat' dir='ltr'><em>conici</em></span> <span class='ocrx_word' id='word_1_307' title='bbox 767 4790 846 4872; x_wconf 82' lang='lat' dir='ltr'><em>licet,</em></span> <span class='ocrx_word' id='word_1_308' title='bbox 870 4791 955 4855; x_wconf 91' lang='lat' dir='ltr'><em>inter</em></span> <span class='ocrx_word' id='word_1_309' title='bbox 976 4798 1142 4873; x_wconf 82' lang='lat' dir='ltr'><em>utramque</em></span> <span class='ocrx_word' id='word_1_310' title='bbox 1165 4795 1262 4872; x_wconf 69' lang='lat' dir='ltr'><em>tidem</em></span> <span class='ocrx_word' id='word_1_311' title='bbox 1277 4793 1376 4875; x_wconf 87' lang='lat' dir='ltr'><em>ipsum</em></span> 
     </span>
     <span class='ocr_line' id='line_1_40' title="bbox 260 4880 1378 4961; baseline 0.004 -18"><span class='ocrx_word' id='word_1_312' title='bbox 260 4881 441 4961; x_wconf 76' lang='lat' dir='ltr'><em>haesitasse,</em></span> <span class='ocrx_word' id='word_1_313' title='bbox 467 4886 558 4961; x_wconf 79' lang='lat' dir='ltr'><em>atque</em></span> <span class='ocrx_word' id='word_1_314' title='bbox 577 4880 806 4944; x_wconf 88' lang='lat' dir='ltr'><em>baereticorum</em></span> <span class='ocrx_word' id='word_1_315' title='bbox 825 4880 964 4961; x_wconf 78' lang='lat' dir='ltr'><em>iopmati</em></span> <span class='ocrx_word' id='word_1_316' title='bbox 979 4880 1218 4946; x_wconf 77' lang='lat' dir='ltr'><em>Lautecbilclem</em></span> <span class='ocrx_word' id='word_1_317' title='bbox 1241 4904 1378 4947; x_wconf 89' lang='lat' dir='ltr'><em>sororem</em></span> 
     </span>
     <span class='ocr_line' id='line_1_41' title="bbox 260 4968 1407 5055; baseline -0.002 -22"><span class='ocrx_word' id='word_1_318' title='bbox 260 4968 362 5051; x_wconf 89' lang='lat' dir='ltr'><em>ipsius</em></span> <span class='ocrx_word' id='word_1_319' title='bbox 385 4969 522 5034; x_wconf 79' lang='lat' dir='ltr'><em>deditam</em></span> <span class='ocrx_word' id='word_1_320' title='bbox 545 4968 645 5047; x_wconf 86' lang='lat' dir='ltr'><em>fuisse</em></span> <span class='ocrx_word' id='word_1_321' title='bbox 668 4970 819 5033; x_wconf 75' lang='lat' dir='ltr'><em>constat4.</em></span> <span class='ocrx_word' id='word_1_322' title='bbox 867 4968 1079 5035; x_wconf 79' lang='lat' dir='ltr'><em>Schismatum</em></span> <span class='ocrx_word' id='word_1_323' title='bbox 1105 4976 1273 5037; x_wconf 88' lang='lat' dir='ltr'><em>sectatores</em></span> <span class='ocrx_word' id='word_1_324' title='bbox 1296 4971 1407 5055; x_wconf 77' lang='lat' dir='ltr'><em>repisu</em></span> 
     </span>
    </p>
   </div>
   <div class='ocr_carea' id='block_1_5' title="bbox 260 5152 1382 5361">
    <p class='ocr_par' dir='ltr' id='par_1_17' title="bbox 260 5152 1382 5361">
     <span class='ocr_line' id='line_1_42' title="bbox 262 5152 1381 5222; baseline 0 -17"><span class='ocrx_word' id='word_1_325' title='bbox 262 5152 287 5220; x_wconf 81' lang='lat'><em>1)</em></span> <span class='ocrx_word' id='word_1_326' title='bbox 303 5153 391 5219; x_wconf 59' lang='lat' dir='ltr'><em>Grcp„</em></span> <span class='ocrx_word' id='word_1_327' title='bbox 405 5153 441 5206; x_wconf 87' lang='lat' dir='ltr'><em>H.</em></span> <span class='ocrx_word' id='word_1_328' title='bbox 453 5152 503 5207; x_wconf 80' lang='lat' dir='ltr'><em>Fr.</em></span> <span class='ocrx_word' id='word_1_329' title='bbox 516 5152 552 5215; x_wconf 89' lang='lat' dir='ltr'><em>X,</em></span> <span class='ocrx_word' id='word_1_330' title='bbox 566 5155 599 5206; x_wconf 87' lang='lat'><em>31</em></span> <span class='ocrx_word' id='word_1_331' title='bbox 613 5152 673 5218; x_wconf 86' lang='lat' dir='ltr'><em>(SS.</em></span> <span class='ocrx_word' id='word_1_332' title='bbox 687 5168 741 5206; x_wconf 90' lang='lat' dir='ltr'><em>rer.</em></span> <span class='ocrx_word' id='word_1_333' title='bbox 754 5152 853 5207; x_wconf 86' lang='lat' dir='ltr'><em>Meron.</em></span> <span class='ocrx_word' id='word_1_334' title='bbox 865 5153 890 5218; x_wconf 86' lang='lat' dir='ltr'><em>I,</em></span> <span class='ocrx_word' id='word_1_335' title='bbox 904 5171 934 5220; x_wconf 91' lang='lat' dir='ltr'><em>p.</em></span> <span class='ocrx_word' id='word_1_336' title='bbox 947 5155 1009 5217; x_wconf 83' lang='lat'>449,</span> <span class='ocrx_word' id='word_1_337' title='bbox 1019 5155 1057 5214; x_wconf 84' lang='lat'><em>2).</em></span> <span class='ocrx_word' id='word_1_338' title='bbox 1117 5155 1144 5220; x_wconf 75' lang='lat'><em>2)</em></span> <span class='ocrx_word' id='word_1_339' title='bbox 1164 5154 1205 5208; x_wconf 91' lang='lat' dir='ltr'><em>Ib.</em></span> <span class='ocrx_word' id='word_1_340' title='bbox 1221 5172 1252 5222; x_wconf 85' lang='lat' dir='ltr'><em>p.</em></span> <span class='ocrx_word' id='word_1_341' title='bbox 1265 5158 1328 5221; x_wconf 84' lang='lat'>445,</span> <span class='ocrx_word' id='word_1_342' title='bbox 1339 5158 1381 5211; x_wconf 83' lang='lat'><em>20.</em></span> 
     </span>
     <span class='ocr_line' id='line_1_43' title="bbox 260 5222 1382 5361; baseline 0.006 -87"><span class='ocrx_word' id='word_1_343' title='bbox 260 5224 500 5361; x_wconf 32' lang='lat' dir='ltr'><em>{ffliOLonpnom</em></span> <span class='ocrx_word' id='word_1_344' title='bbox 521 5222 626 5289; x_wconf 73' lang='lat' dir='ltr'><em>‘Glopu</em></span> <span class='ocrx_word' id='word_1_345' title='bbox 645 5225 677 5275; x_wconf 87' lang='lat' dir='ltr'><em>cle</em></span> <span class='ocrx_word' id='word_1_346' title='bbox 695 5224 721 5273; x_wconf 90' lang='lat' dir='ltr'><em>la</em></span> <span class='ocrx_word' id='word_1_347' title='bbox 742 5223 835 5274; x_wconf 80' lang='lat' dir='ltr'><em>Gaulc’</em></span> <span class='ocrx_word' id='word_1_348' title='bbox 851 5240 880 5289; x_wconf 91' lang='lat' dir='ltr'><em>p.</em></span> <span class='ocrx_word' id='word_1_349' title='bbox 895 5226 954 5279; x_wconf 82' lang='lat'>246.</span> <span class='ocrx_word' id='word_1_350' title='bbox 973 5227 1035 5278; x_wconf 79' lang='lat'><strong>247.</strong></span> <span class='ocrx_word' id='word_1_351' title='bbox 1107 5226 1135 5291; x_wconf 87' lang='lat'><em>4)</em></span> <span class='ocrx_word' id='word_1_352' title='bbox 1163 5225 1255 5293; x_wconf 61' lang='lat' dir='ltr'><em>Grec„</em></span> <span class='ocrx_word' id='word_1_353' title='bbox 1274 5227 1312 5282; x_wconf 83' lang='lat' dir='ltr'><em>H.</em></span> <span class='ocrx_word' id='word_1_354' title='bbox 1332 5228 1382 5282; x_wconf 81' lang='lat' dir='ltr'><em>Fr.</em></span> 
     </span>
    </p>
   </div>
   <div class='ocr_carea' id='block_1_6' title="bbox 0 0 1596 6800">
    <p class='ocr_par' dir='ltr' id='par_1_18' title="bbox 0 0 1596 6800">
     <span class='ocr_line' id='line_1_44' title="bbox 0 0 1596 6800; baseline 0 0"><span class='ocrx_word' id='word_1_355' title='bbox 0 0 1596 6800; x_wconf 95' lang='lat' dir='ltr'><em> </em></span> 
     </span>
    </p>
   </div>
  </div>
 </body>
</html>
