3184 6800
459 1325 587 1395 IONAS,
601 1326 720 1382 vmn
740 1326 969 1382 GOLUMBANI
985 1326 1095 1383 LIBRI
1112 1327 1152 1384 11
1327 1333 1367 1387 ’ὦ

247 1507 402 1587 fessionis
423 1516 558 1575 secretae
579 1509 616 1574 in
639 1509 770 1575 ecclesia
785 1508 975 1574 contimntis
990 1509 1145 1575 catbolioo
1160 1509 1335 1575 celebratur
1345 1511 1367 1575 ¹.

246 1596 411 1662 Doctrina
434 1596 500 1662 eius
522 1597 558 1663 in
574 1597 706 1663 coneilio
723 1597 939 1663 Gabillonensi
954 1620 985 1661 a.
1003 1604 1078 1662 650.
1099 1598 1240 1679 primum
1255 1606 1368 1664 sancta
1449 1632 1455 1638 ·

248 1692 307 1767 est,
343 1684 496 1767 episeopis
527 1686 806 1768 consentientibus,
839 1685 1073 1768 paenitentiam
1103 1693 1305 1768 peccatorum
1339 1695 1369 1754 et

248 1774 395 1839 omnibns
423 1773 530 1839 utilem
556 1796 622 1841 esse
650 1781 680 1840 et
702 1777 780 1840 data
803 1774 999 1855 confessione
1028 1796 1050 1839 a
1076 1775 1291 1840 sacerdotibus
1319 1776 1367 1842 in-

212 1887 228 1927 s
247 1862 448 1928 cinnami
477 1863 661 1929 -Monaobis
676 1884 797 1945 quoqne
814 1863 884 1928 suis
899 1863 1126 1944 confessionem
1145 1869 1238 1945 atque
1253 1865 1367 1946 paeni·

247 1950 382 2016 tentiam
409 1950 519 2033 primo
552 1954 616 2018 loco
649 1951 800 2033 imposuit
832 1952 977 2033 aliasque
1008 1953 1048 2017 ob
1077 1952 1124 2017 eis
1157 1953 1238 2035 lepos
1267 1954 1367 2019 obser·

246 2039 322 2104 uari
350 2039 458 2119 uoluit,
488 2060 569 2121 onas
596 2061 636 2106 eu
664 2040 767 2123 ipsius
789 2040 901 2123 reputa
923 2040 1027 2122 collipi
1050 2040 1140 2122 licet,
1162 2042 1368 2123 peccantibus

246 2148 321 2193 oero
342 2128 391 2192 oel
411 2127 520 2192 leviter
532 2129 742 2210 pravissimas
757 2150 882 2210 poenas
896 2128 1066 2195 emntituit.
1105 2129 1271 2212 Repulam,
1286 2151 1368 2213 onae

247 2216 440 2282 coenobialis
462 2238 484 2280 a
508 2216 678 2299 biopropbo
693 2217 861 2283 Desiderii
882 2217 1094 2283 Cadurcensis
1116 2217 1184 2283 iam
1207 2219 1367 2300 appellata

195 2306 324 2386 10<est³,
348 2307 451 2370 Ionas
472 2304 541 2387 ipse
563 2311 593 2369 et
614 2305 723 2370 simod
744 2313 773 2371 et
799 2305 972 2388 eupilaoit⁴
995 2313 1087 2388 atoue
1113 2308 1152 2372 de
1180 2307 1368 2374 audacitate

246 2400 276 2459 et
297 2395 363 2474 fide
383 2393 488 2476 ipsius
510 2395 697 2458 luculentum
721 2394 933 2460 testimonium
956 2397 1089 2476 praebet
1110 2397 1148 2460 de
1177 2416 1239 2477 quo
1266 2417 1368 2479 supra

246 2482 319 2546 diui
345 2483 496 2548 Donatus
525 2482 689 2566 episcopus
711 2483 979 2549 Vesontiouensis.
1030 2483 1109 2549 Cum
1139 2485 1225 2549 euim
1252 2492 1367 2567 ropatn

241 2571 492 2636 'Gautbstrudae
522 2571 684 2653 omnisque
714 2571 966 2655 conprepationis
999 2572 1185 2637 monasterii
1214 2596 1236 2639 a
1265 2580 1367 2640 matre

246 2659 377 2742 conditi,
402 2659 575 2740 euplmotis
589 2659 710 2741 repulis
724 2661 953 2743 uetustioribus,
970 2660 1172 2727 enchiridion
1187 2662 1367 2745 oirpinibus

200 2770 228 2810 a
246 2755 356 2830 amum
379 2755 583 2832 componeret,
602 2754 733 2830 praeter
755 2751 884 2832 repulus
911 2748 1059 2814 Caesarii
1080 2749 1244 2832 oirpinum
1272 2757 1367 2830 atque

245 2835 416 2902 Benedicti
449 2837 675 2902 monoclerum
708 2837 791 2904 banc
824 2838 930 2919 ipsam
964 2837 1151 2904 Columbani
1180 2841 1334 2922 excerpsit
1343 2840 1365 2920 ⁶,

246 2925 328 2991 sicut
348 2925 386 2990 in
409 2925 616 3008 praefatione
644 2932 773 2991 testatus
802 2932 855 3007 est,
887 2932 1090 3008 exemptoque
1119 2948 1190 2991 cum
1218 2948 1257 2992 ea
1285 2948 1367 3008 quae

245 3021 387 3096 superest
415 3014 463 3079 ita
493 3015 645 3095 conuenit,
675 3022 711 3079 ut
739 3021 840 3080 unm
868 3016 913 3080 ad
940 3015 1032 3080 illam
1062 3015 1174 3097 optime
1202 3016 1367 3081 emerudam

239 3103 352 3185 possit.
410 3103 569 3169 Monaobi
602 3103 685 3168 nibil
713 3103 882 3185 proprium
910 3103 1116 3186 possidebant
1145 3126 1185 3169 ue
1213 3104 1367 3171 minimas

208 3207 230 3248 ²⁰
243 3191 373 3273 aunum
396 3212 456 3273 res,
480 3193 536 3258 sed
556 3191 701 3257 omnibns
717 3192 825 3257 omnia
844 3193 1023 3257 commuuio
1041 3194 1165 3257 naun.
1203 3192 1367 3274 Confessio

243 3280 292 3345 bis
317 3279 488 3345 minimum
517 3282 628 3346 danda
649 3287 719 3345 erat
740 3287 769 3346 et
797 3287 871 3346 ante
896 3302 1038 3346 mmam
1064 3288 1094 3346 et
1118 3288 1193 3347 ante
1219 3283 1367 3348 uotorum

239 3369 378 3435 aditum.
429 3369 485 3434 Ad
515 3390 657 3435 mensam
691 3369 934 3436 benedictionem
968 3370 1183 3436 custodiebant
1214 3391 1367 3454 muenqne

238 3459 477 3543 respondebant
498 3479 597 3541 neque
618 3479 691 3523 oero
713 3459 798 3524 inter
813 3481 846 3524 se
861 3460 1075 3542 loquebantur.
1119 3459 1285 3526 Oocbleari
1300 3482 1367 3527 non

232 3548 423 3628 utebantur,
447 3546 515 3613 uisi
536 3550 621 3628 quod
641 3554 716 3613 ante
737 3547 954 3630 sipuaoeront,
974 3570 1073 3631 neque
1088 3550 1210 3614 cultello
1224 3570 1366 3614 mensam

189 3646 206 3686 Β
222 3638 495 3720 pertendebant,
518 3638 677 3717 caoebant,
701 3658 741 3701 ne
762 3636 863 3701 micas
879 3638 1051 3717 perderent
1077 3658 1153 3703 neoe
1182 3637 1366 3703 cerevisiam

231 3724 452 3805 effunderent,
468 3745 548 3806 quae
561 3724 653 3806 potui
668 3725 736 3790 sola
750 3727 897 3790 dabatur.
927 3726 1048 3790 Mensa
1063 3726 1144 3791 bora
1162 3747 1250 3791 nona
1265 3748 1366 3808 para·

233 3814 348 3895 batur,
372 3812 395 3877 i.
413 3835 438 3877 e.
463 3813 556 3878 tertia
573 3813 810 3895 pomeridiana,
828 3820 902 3895 post
917 3835 1013 3896 quam
1036 3814 1119 3881 nulli
1141 3814 1179 3880 in
1197 3815 1365 3897 mquinam

229 3902 291 3967 ire
315 3902 439 3967 licebat.
483 3901 571 3967 Oura
594 3903 746 3983 coquendi
768 3904 817 3967 uel
836 3902 1047 3969 ministrandi
1065 3903 1225 3983 fratribus
1242 3904 1366 3985 quima-

232 3992 318 4056 dam
335 3990 501 4055 commissa
517 3996 587 4055 erat
595 3990 845 4073 prouidentibus,
862 4012 902 4056 ne
916 3992 964 4056 oet
974 3993 1142 4073 paululum
1157 3992 1365 4071 effunderent.

189 4102 191 4115 ³
242 4078 432 4145 Orationem
454 4084 529 4144 ante
551 4100 629 4160 opus
651 4086 680 4145 et
697 4087 771 4162 post
792 4100 870 4161 opus
886 4080 1106 4161 perficiebant.
1145 4081 1200 4145 Ea
1215 4082 1253 4145 de
1267 4101 1366 4145 causa

232 4166 438 4250 epredientes
459 4169 558 4249 domo,
581 4168 605 4233 i.
625 4189 650 4233 e.
675 4169 787 4234 cellula
798 4169 818 4251 ⁷,
842 4174 898 4233 aut
920 4188 955 4232 eo
978 4167 1188 4249 repredieutes
1210 4188 1243 4233 se
1265 4169 1366 4232 bumi-

236 4380 269 4445 1)
299 4376 346 4440 Of.
363 4376 480 4445 Lbninp,
507 4376 721 4429 ‘Kircbeureclrt'
738 4377 778 4443 II,
801 4395 830 4445 p.
846 4379 988 4444 471³qu
1014 4377 1122 4443 Hauclc,
1150 4376 1365 4443 ‘Kirebcnpeseb

232 4446 448 4501 Mcbhmte’
461 4448 485 4515 I,
500 4464 530 4514 p.
543 4447 630 4516 275⁸,·
648 4451 683 4504 A.
700 4448 838 4515 Maluory,
858 4448 929 4511 Quid
947 4450 1125 4502 murmures
1142 4450 1268 4502 monachi
1284 4450 1366 4501 duci·

227 4520 302 4588 puli
319 4519 349 4573 S.
363 4518 523 4571 Columbam'
540 4520 576 4571 od
593 4520 714 4586 copulam
726 4522 949 4575 monasteriorum
965 4527 1044 4587 atque
1060 4520 1098 4572 ad
1114 4536 1275 4573 communem
1291 4521 1366 4573 ucu-

233 4594 299 4642 slae
322 4590 476 4655 profectum
500 4591 667 4657 contumuit,
694 4590 815 4642 Parisiis
841 4593 919 4658 1894,
943 4609 970 4658 p.
991 4593 1034 4646 62.
1124 4593 1153 4658 2)
1181 4592 1301 4644 Concilio
1324 4593 1364 4647 ed.

234 4661 373 4712 Monesen
397 4661 665 4727 I,210;›Loenlnp,
691 4662 899 4714 ‘Ktrcbenrcobt’
919 4662 958 4729 II,
978 4664 1039 4717 476.
1129 4665 1157 4728 3)
1180 4662 1210 4716 V.
1230 4663 1368 4714 Desiderii

238 4733 359 4785 Cadurc.
379 4747 400 4786 c.
413 4734 462 4786 23:
489 4730 587 4784 Nullus
599 4764 635 4770 —
648 4732 774 4784 habitum
792 4732 933 4800 religionis
951 4739 999 4784 aut
1016 4732 1128 4802 regulae
1147 4732 1295 4785 cenobialis
1312 4732 1365 4785 iter

236 4800 409 4869 intraverat3
435 4806 508 4855 secta
527 4801 690 4856 Columbini
707 4803 805 4871 procul
830 4804 952 4871 aberant,
977 4803 1103 4855 instituta
1120 4802 1265 4856 Benedicti
1282 4803 1365 4871 longe

237 4872 391 4928 distabant.
480 4874 509 4941 4)
531 4874 649 4940 Repulae
672 4876 703 4925 in
726 4875 755 4928 V.
775 4874 893 4929 Columb.
912 4876 936 4940 I,
958 4878 1000 4941 10,
1027 4877 1162 4926 numinin-
1186 4873 1365 4942 regulamque

189 4952 194 4973 '
237 4960 326 5013 qnam
344 4947 473 4996 tenerent
491 4942 596 5013 Spiritu
615 4948 708 4997 sancto
727 4945 849 5013 repletus
867 4944 1005 5012 condedit,
1031 4948 1169 5013 ipsamque
1186 4946 1295 4996 eanmm
1312 4958 1366 4998 eece

217 5027 324 5082 ⁶picam
343 5016 469 5067 babemus
487 5031 545 5067 cum
564 5032 597 5067 cn
616 5017 646 5069 V.
667 5016 781 5070 Columb.
799 5016 823 5081 I,
840 5020 865 5071 5.
886 5018 927 5083 16,
953 5022 1010 5067 tum
1034 5033 1068 5069 eu
1092 5019 1128 5068 iis
1151 5016 1272 5068 molendi
1296 5016 1365 5082 licet,

239 5102 311 5153 quoe
328 5089 471 5154 Aprestins
488 5087 523 5141 ib.
540 5087 580 5152 II,
593 5089 619 5150 9,
644 5094 738 5139 contra
758 5088 916 5139 Colnmbmri
939 5088 1061 5153 rapulam
1086 5088 1176 5139 obimit
1195 5102 1311 5153 quoeqrce
1323 5088 1366 5139 ad

239 5158 364 5223 rapulam
382 5158 820 5224 munacianensis.
911 5159 939 5226 5)
967 5159 1036 5221 Quos
1060 5160 1091 5209 in
1109 5160 1365 5225 unoquoqueoapr'te

242 5228 368 5281 Donatus
384 5230 543 5295 exploserit
561 5229 657 5293 furtes,
675 5230 877 5295 ditipentrssr'me
894 5231 1063 5294 inomtipacit
1073 5230 1204 5295 cointius,
1222 5230 1293 5286 Anu.
1307 5230 1365 5284 cca.

189 5294 205 5334 ⁵
244 5297 344 5355 From.
363 5300 403 5365 11,
419 5317 449 5367 p.
463 5301 580 5366 758eqq.
653 5300 680 5367 6)
697 5300 727 5355 V.
747 5300 862 5351 Coluurb.
879 5300 902 5364 I,
917 5303 941 5355 5.
992 5302 1042 5366 i)
1059 5300 1104 5354 Io.
1124 5300 1164 5366 11,
1178 5302 1203 5354 9.
1232 5342 1234 5344 ,
