3184 6800
359 1300 484 1369 IONAS,
496 1300 618 1369 VITAE
636 1301 865 1358 COLUMBANI
883 1302 990 1357 LIBRI
1008 1303 1047 1360 H.
1209 1308 1262 1365 115

180 1486 222 1567 Ι,
240 1491 270 1549 9.
316 1486 354 1549 in
377 1486 497 1549 eadem
522 1505 671 1549 concava
694 1480 835 1569 scopuli]
868 1487 903 1550 in
935 1507 963 1551 e.
989 1488 1202 1554 concavitate
1232 1510 1258 1553 s.

358 1573 471 1637 Ala*.
496 1567 570 1657 (a**)
594 1579 623 1636 et
650 1594 691 1636 m.
716 1574 759 1638 al.
782 1575 889 1653 Ala,·
918 1574 973 1638 sed
995 1574 1036 1653 cf.
1060 1576 1090 1657 I,
1111 1583 1166 1641 ll:
1198 1598 1260 1663 per

359 1682 509 1727 concava
531 1662 641 1739 vallis,
666 1661 718 1742 Π,
737 1670 772 1725 2:
805 1684 954 1727 concava
977 1663 1082 1741 alvei,

174 1752 216 1831 I,
239 1757 289 1815 19.
314 1752 421 1817 Aient
450 1751 510 1815 ille
537 1751 603 1814 bibi
627 1772 648 1813 a
669 1771 749 1834 rege
772 1751 847 1816 fore
872 1746 1013 1836 directa]
1039 1755 1080 1816 A.
1103 1754 1126 1816 i.
1150 1754 1216 1818 sibi
1240 1776 1260 1818 a

111 1873 127 1913 5
358 1862 384 1904 r.
411 1860 483 1904 esse
507 1840 540 1902 d.
563 1838 595 1902 A
611 1838 675 1903 1a'.
700 1833 791 1923 (a**);

181 1929 219 2007 I,
237 1934 289 1994 20.
313 1923 487 2010 Recedite]
518 1928 686 1993 Rededibe
710 1947 765 2009 pr.
788 1949 830 1991 m.
854 1928 886 1992 A
905 1933 960 2006 la,
996 1930 1120 1995 Redite
1146 1929 1179 1994 A
1197 1929 1258 1995 la'.

357 2011 740 2101 (wammAm

89 2147 90 2156 η
188 2103 221 2186 Ι,
237 2110 288 2170 21.
312 2105 512 2171 interiorem
546 2100 702 2188 (interius
732 2104 765 2167 A
783 2106 830 2169 lb.
855 2126 880 2169 c.
906 2106 936 2170 d.
961 2110 991 2169 2.
1016 2100 1048 2190 3)
1083 2102 1211 2192 lumen]
1235 2108 1257 2172 i.

357 2194 469 2260 lucem
492 2192 525 2258 A
539 2195 605 2257 la‘.
629 2188 698 2277 (a⁸⁸)
721 2199 750 2257 et
771 2214 813 2257 m.
837 2195 880 2259 al.
904 2193 937 2258 A
951 2199 1011 2276 la,·

125 2308 155 2366 po
198 2280 224 2363 I,
238 2287 289 2346 22.
314 2284 360 2347 ad
383 2284 456 2348 eius
479 2282 662 2347 excubasse
686 2282 828 2347 exubiae
847 2277 1006 2365 (excubas
1024 2284 1185 2349 redubias
1201 2306 1258 2369 pr.

355 2392 396 2435 m.
417 2366 520 2455 Ala)]
545 2371 588 2435 ad
613 2392 641 2435 e.
663 2372 824 2435 excubias
846 2372 912 2437 isse
936 2370 1042 2436 Ala*.
1069 2369 1142 2456 (a”)
1167 2379 1196 2438 et
1217 2395 1258 2438 m.

356 2460 399 2524 al.
423 2459 526 2541 Ala,·

199 2547 288 2629 Lm.
313 2550 514 2634 quantisper
548 2568 583 2613 se
618 2544 841 2631 moraturum]
874 2570 905 2632 q.
931 2569 984 2614 me
1019 2571 1063 2612 m.
1094 2552 1259 2634 promitto

89 2665 94 2700 l
356 2637 387 2701 A
403 2636 465 2702 la⁸.
490 2631 558 2720 (a“)
582 2641 611 2701 et
632 2658 673 2699 m.
697 2636 740 2700 al.
765 2636 797 2700 A
813 2644 873 2717 la,·

136 2743 153 2783 a
195 2725 288 2804 Lib.
313 2720 460 2811 rogavib]
485 2716 685 2810 pr(a)ecepib
707 2724 739 2788 A
755 2724 818 2789 la‘.
843 2725 892 2790 α’*
917 2731 947 2789 et
967 2747 1007 2791 m.
1033 2725 1075 2790 al.
1099 2726 1132 2791 A
1148 2734 1196 2808 la,

160 2811 187 2877 in
205 2814 410 2897 suspicionem
432 2812 539 2879 venire
563 2834 640 2895 opus
662 2819 716 2878 est.
760 2812 890 2878 Constat
912 2813 994 2877 euim
1010 2814 1127 2879 Ionam
1146 2817 1257 2883 ditare

89 2916 92 2927 ’
155 2923 213 2967 mm
233 2925 303 2985 peu.
326 2902 538 2981 coniunxisse,
562 2921 626 2967 occ.
649 2902 687 2965 in
710 2902 829 2967 eadem
854 2923 1001 2967 concava
1024 2902 1177 2984 accepisse
1194 2925 1257 2987 pro

151 2992 204 3057 obl.
235 2994 272 3055 in
302 2993 430 3058 eisdem
461 2992 628 3069 concavis,
658 3011 757 3072 penus
786 2997 933 3055 neutrum
963 3012 1054 3073 saepe
1076 2991 1257 3059 immutasse

147 3079 180 3145 in
199 3080 411 3146 masculinum
433 3086 525 3162 atque
548 3078 717 3144 librarium
739 3078 772 3143 A
788 3085 830 3143 le
851 3080 928 3144 baec
950 3079 1058 3145 omnia
1083 3079 1255 3164 ipnorasse,

105 3190 129 3231 a
143 3167 269 3251 ideoque
293 3170 457 3254 cupidum
475 3188 537 3251 pro
557 3170 758 3245 dilaturum,
783 3169 998 3233 concavitate
1015 3189 1077 3251 pro
1097 3191 1254 3250 concava,

139 3258 253 3324 lucem
269 3279 334 3340 pro
356 3258 474 3323 lumen
497 3256 663 3341 scripsisse
680 3277 778 3339 neque
793 3277 921 3321 munere
941 3278 997 3321 suo
1014 3256 1150 3337 fideliter
1164 3280 1255 3323 usum

136 3366 212 3428 esse,
239 3348 295 3412 sed
307 3343 563 3432 interpolationis
578 3344 713 3411 edidisse
728 3346 900 3428 exemplum
919 3345 1100 3430 pessimum.
1135 3347 1256 3412 Eodem
1281 3363 1283 3370 ’

136 3435 274 3502 cmzsilio
308 3435 482 3500 orationem
515 3435 667 3500 directam
701 3434 917 3516 obliquumque
950 3436 981 3516 1,
1008 3441 1058 3499 19.
1087 3441 1140 3499 27.
1171 3437 1255 3502 Iona

131 3524 254 3590 melius
270 3523 428 3605 distinxit,
448 3544 528 3606 quas
545 3524 585 3588 ab
603 3522 672 3604 ipso
685 3522 861 3607 pmmistos
880 3544 944 3588 esse
962 3524 1082 3607 snpra¹
1100 3524 1254 3607 dixeram,

88 3637 114 3678 a
132 3615 247 3680 codem
268 3634 343 3679 esse
365 3611 493 3695 scripsit
510 3632 573 3696 pro
595 3613 680 3677 fore.

248 3701 430 3783 Antequam
463 3700 496 3765 A
514 3707 555 3764 la
589 3702 626 3765 de
658 3699 714 3764 cia
748 3699 904 3765 communi
937 3707 1118 3779 secesserat,
1154 3703 1255 3767 altera

129 3791 238 3874 stirps
266 3796 377 3855 exorta
407 3796 461 3871 est,
496 3788 614 3854 scilicet
634 3789 666 3853 A
681 3789 727 3869 lb,
759 3810 837 3853 uam
867 3788 995 3870 etipsa
1017 3810 1086 3854 eccm
1108 3788 1141 3854 A
1155 3797 1195 3854 lo
1218 3811 1256 3855 eu

129 3878 315 3961 exemplari
329 3879 445 3960 pendet
462 3880 566 3943 eodem
585 3875 648 3960 (a),
672 3878 755 3959 quod
769 3876 840 3942 lieet
854 3877 1090 3942 accuratissime
1106 3878 1255 3959 scriptum

128 3974 225 4050 esset,
245 3973 351 4032 tamen
364 3965 487 4031 mendis
497 3965 662 4031 nonnullis
673 3965 800 4030 leuioris
811 3965 957 4031 manenti
968 3967 1140 4047 laborabat,
1153 3988 1178 4030 e.
1189 3987 1255 4048 pn:

88 4080 111 4122 n
178 4057 287 4138 I,20.
313 4051 411 4138 Exin]
435 4055 500 4120 Aa
524 4076 594 4120 cum
616 4055 705 4136 rell.,·
728 4056 774 4118 Et
795 4056 833 4118 in
856 4051 1014 4119 Ala.a*.
1032 4055 1067 4135 b,·

177 4146 212 4227 I,
232 4150 287 4210 21.
311 4139 401 4229 infit]
430 4143 499 4209 Aa
530 4141 565 4223 (i
582 4164 636 4225 pr.
659 4140 726 4225 m).
749 4142 783 4207 B
815 4140 933 4220 (eodem
962 4144 1053 4207 ambo
1080 4141 1255 4224 Greporius

354 4230 487 4315 utitur);
517 4233 631 4316 inquib
653 4230 686 4296 A
701 4239 751 4296 la.
775 4231 819 4297 a*.
843 4233 870 4296 b.
896 4238 955 4313 2a,·

177 4324 289 4406 L22.
313 4317 382 4404 filo]
413 4321 482 4386 Aa
513 4342 582 4386 cum
611 4320 701 4402 rell.,·
735 4321 823 4385 filios
850 4320 882 4384 A
901 4327 942 4385 la
969 4328 1065 4402 (em’r.
1090 4320 1192 4402 filos).
1217 4324 1255 4403 b,'

356 4411 465 4475 chilos
488 4408 521 4473 A
535 4407 602 4473 la⁸·

88 4523 113 4565 ι
178 4500 287 4583 Lat.
310 4500 429 4584 visque
458 4461 739 4583 rapida'babida
760 4497 793 4561 A
809 4503 853 4561 lc.
870 4498 900 4561 d.
919 4504 958 4578 2,·
989 4500 1144 4582 rapidam
1167 4495 1253 4581 Ba]

354 4587 423 4650 Aa
455 4607 524 4652 cum
552 4586 642 4665 rell.,·
675 4608 802 4669 vasque
831 4588 950 4670 rapide
981 4581 1112 4671 (rapida
1142 4609 1183 4651 m.
1212 4588 1254 4651 al.

355 4696 436 4742 amr.
459 4676 580 4759 rapido
603 4675 636 4739 A
650 4681 699 4754 la,
724 4681 753 4738 et
774 4674 821 4738 sie
843 4669 950 4758 Ala‘)
973 4675 1005 4738 A
1021 4683 1071 4740 la.
1087 4671 1130 4739 α’.
1147 4677 1175 4740 b.

132 4766 238 4833 Illud
258 4764 305 4830 ud
323 4763 427 4846 ipsius
449 4762 588 4828 auctoris
610 4762 797 4844 discipulum
817 4764 973 4843 quendam
988 4763 1101 4844 redire,
1125 4785 1164 4828 ea
1186 4766 1255 4829 lem·

131 4860 222 4921 nme
246 4859 276 4919 ct
297 4851 525 4934 subscriptione
546 4851 709 4932 utriusque
732 4850 847 4916 codicis
869 4857 898 4915 et
920 4852 952 4915 A
967 4858 1007 4916 la
1030 4858 1058 4916 et
1079 4853 1111 4916 A
1127 4854 1163 4917 lb
1187 4873 1254 4917 con-

89 4964 118 5007 o
133 4943 262 5011 dmm
283 4942 360 5023 est',
390 4941 446 5006 sed
470 4942 567 5005 uerba
588 4939 666 5004 illa:
694 4938 724 5004 ‘a
747 4940 833 5004 Iona
856 4942 1013 5020 quondam
1032 4941 1252 5021 praeceptore',

133 5031 255 5114 quibam
284 5035 396 5096 amtor
426 5028 504 5094 libri
534 5029 709 5110 appellatus
739 5033 792 5108 est,
824 5028 904 5092 mibi
927 5048 1047 5110 parum
1076 5035 1160 5093 certa
1190 5050 1254 5094 esse

134 5119 289 5186 cidmstur
302 5137 401 5201 neqrre
415 5117 501 5183 enim
514 5116 618 5199 liquet,
643 5117 687 5181 ad
700 5137 788 5197 quem
805 5116 991 5198 discipulum
1001 5123 1187 5199 praeceptor
1201 5117 1255 5182 ille

137 5277 168 5344 l)
187 5275 287 5343 Supra
300 5290 332 5342 p.
344 5275 387 5331 58.
460 5273 489 5343 2)
508 5273 549 5339 Cb.
568 5274 678 5325 Leuior
691 5289 721 5340 p.
734 5275 759 5328 5.
1062 5361 1077 5396 ’ὃ

1043 5362 1060 5414 8
