3184 6800
448 1019 574 1090 IONAS,
585 1018 708 1075 VITAII
725 1018 956 1076 OOLUMBANI
972 1019 1082 1076 LIBRI
1098 1021 1138 1078 IL
1317 1027 1353 1081 87

193 1207 317 1268 inter
361 1201 557 1268 Germaniae
591 1203 726 1284 populos
762 1208 983 1284 numerantur,
1019 1202 1199 1268 incolebant
1228 1203 1353 1286 partim

198 1289 398 1372 haeretici,
428 1289 547 1356 scilicet
561 1289 708 1356 ,Plotini
731 1290 920 1356 Sirmiensis
948 1297 1006 1356 aut
1030 1291 1154 1357 Bonosi
1177 1292 1353 1359 Nareitani

201 1378 400 1447 erroribus
428 1378 536 1461 dediti,
566 1378 628 1445 alii
650 1379 788 1462 poponi.
839 1379 959 1460 Quibru
987 1381 1033 1445 ad
1058 1382 1154 1460 fidem
1183 1381 1352 1462 conversis,

204 1491 304 1536 curn
329 1467 443 1534 Suebis
464 1466 616 1549 maqister
637 1467 834 1548 eoonqelium
857 1467 1076 1549 praedamnet
1097 1469 1260 1551 sociusque
1286 1470 1354 1536 eius

218 1557 358 1624 Gallus
379 1555 417 1620 in
439 1577 473 1621 eo
491 1563 583 1638 neqot
570 1555 614 1620 tio
629 1555 823 1637 persisteret,
846 1555 916 1640 ipse
937 1557 986 1622 ult
973 1563 1025 1622 tra
1043 1577 1095 1622 eos
1116 1558 1161 1622 ad
1177 1557 1355 1623 Baioarios

209 1644 368 1712 tetendit
399 1644 556 1726 multoque
584 1645 690 1710 labore
712 1645 874 1726 plurimos
902 1665 1010 1710 eorum
1044 1645 1236 1712 christianos
1269 1647 1354 1725 fecit.

227 1734 307 1803 Ubi
330 1732 533 1815 aliquamdiu
554 1739 706 1813 versat,us
730 1733 851 1798 relictis
876 1733 958 1799 uiris
966 1734 1162 1818 sapacibus,
1192 1735 1248 1817 qni
1278 1756 1355 1817 opus

211 1825 395 1904 inceptum
424 1817 654 1903 continuarent,
685 1784 865 1886 buaooium
894 1808 999 1887 rediit.
1052 1821 1108 1889 Ibi
1136 1825 1274 1905 exemplo
1301 1823 1355 1890 Co-

219 1910 383 1977 lumboni
399 1916 463 1976 tam
478 1910 647 1975 monocbos
662 1931 758 1991 qnam
771 1910 895 1976 oicinos
909 1911 955 1975 ad
968 1911 1164 1992 peculiarem
1181 1913 1356 1977 Scottorum

213 1998 423 2084 paenitendi
444 2001 570 2064 modum
593 1998 731 2064 mcitare
753 2000 897 2064 studebat
884 1999 1088 2082 tmnltosque
1109 2001 1267 2081 facundia
1296 2023 1356 2066 sua

221 2087 411 2168 erudiebat,
442 2086 499 2169 qui
521 2093 633 2168 postea
662 2087 749 2152 sedes
778 2087 968 2169 episcopales
989 2089 1096 2154 meriti
1125 2096 1208 2170 sunt,
1239 2089 1357 2155 scilicet

233 2175 470 2260 Oleaqnooldus
490 2175 677 2241 Columbani
698 2177 859 2257 quondam
880 2175 1027 2242 minister
1048 2178 1203 2260 Iquuni
1221 2178 1355 2259 Uulcati,

224 2264 406 2332 Acbarins
427 2263 695 2330 Viromandornm
717 2270 747 2330 et
769 2264 973 2329 Nooiomiet
993 2265 1141 2347 Tornaci,
1165 2267 1357 2349 Iloqnacba·

227 2354 309 2420 rius
323 2353 489 2436 Auqustae
503 2353 728 2419 Ilourracorum
749 2359 780 2418 et
767 2353 954 2435 tBasileae,
969 2354 1173 2420 Audemarus
1187 2354 1358 2421 Bononiae

189 2478 195 2500 ι
229 2451 266 2510 et
294 2443 467 2508 Tarnanoe
489 2441 675 2542 oppidorum
698 2441 845 2524 episcopi
896 2405 975 2508 (ibn
997 2441 1133 2524 iqitur
1119 2443 1267 2509 instituta
1292 2465 1357 2508 mo-

228 2531 334 2616 qistri
356 2551 451 2612 quam
473 2529 626 2595 inanimis
647 2529 771 2596 viribus
787 2537 1022 2613 propaqarete
1022 2538 1121 2596 tnon
1142 2532 1243 2597 solnm
1272 2534 1359 2614 apud

233 2621 444 2686 Francorum
467 2639 630 2700 proceres,
661 2622 717 2684 sed
744 2617 840 2684 etiam
869 2621 957 2719 apud
984 2640 1087 2719 reqem
1116 2619 1233 2685 bonore
1265 2627 1358 2702 atque

233 2707 442 2774 veneratione
478 2707 650 2789 frueretur,
689 2707 822 2773 diversit
809 2714 859 2772 tas
895 2707 979 2772 ritus
1015 2708 1173 2791 episcopos
1212 2709 1359 2774 ecclesiae

244 2795 437 2864 Gallicanae
474 2798 519 2861 ad
555 2817 669 2860 nooum
705 2797 971 2878 vehementemque
1007 2797 1165 2879 impetum·
1192 2797 1357 2878 incitabat,

189 2905 207 2944 o
237 2885 355 2968 quibus
392 2905 430 2949 eoo
474 2884 577 2966 ipsius
614 2885 778 2950 monacbis
815 2885 919 2950 socius
956 2885 1171 2967 optatissimus
1208 2886 1358 2953 surremit.

239 2973 411 3057 Aqrestius
426 2980 596 3056 postquam
618 2975 705 3055 opud
722 2973 951 3038 Ibeudericum
972 2995 1075 3056 reqem
1095 2975 1216 3040 notorii
1230 2996 1360 3041 munere

240 3063 372 3143 functus
405 3068 465 3142 est,
500 3061 734 3143 corupunatione
766 3065 906 3144 quadam
943 3069 1045 3128 tactus
1077 3063 1256 3129 erooinm
1287 3085 1360 3146 per·

240 3156 371 3217 oenmat
399 3156 491 3232 atque
520 3171 553 3215 se
581 3172 701 3232 suaque
730 3150 839 3216 munia
867 3151 1022 3217 Eustasio
1045 3151 1137 3233 patri
1169 3152 1359 3218 tradiderat.

245 3240 307 3322 Qui
331 3260 402 3304 oum
422 3238 564 3320 qentium
579 3239 787 3320 praedicator
808 3260 873 3304 esse
899 3241 989 3306 vellet
1015 3261 1114 3322 neque
1142 3241 1179 3305 in
1207 3240 1361 3324 reliqione

193 3343 224 3386 ²⁵
241 3329 323 3395 satis
350 3327 546 3411 profecisset,
580 3327 728 3393 idoneum
757 3328 802 3391 ad
832 3329 894 3394 tale
928 3349 1005 3411 opus
1038 3351 1107 3393 eum
1136 3329 1267 3395 minime
1295 3351 1361 3395 esse

241 3420 341 3485 abbas
358 3416 547 3482 existimans
561 3438 745 3483 consensum
760 3418 840 3483 dare
857 3418 978 3499 noluit,
990 3418 1187 3500 pertinacem
1201 3440 1273 3485 cero
1288 3420 1360 3485 reti-

241 3528 316 3573 nere
335 3505 494 3588 nequibat.
527 3505 640 3571 Primo
657 3506 712 3571 ille
730 3506 774 3571 ad
787 3504 964 3572 Baioarios
978 3528 1175 3590 proqressus,
1191 3508 1362 3589 paululum

241 3596 330 3678 apud
357 3614 408 3659 eos
440 3600 583 3660 moratus
616 3601 669 3675 est,
705 3594 818 3660 deinde
845 3595 1030 3678 Aquileiam
1064 3596 1204 3661 tranuit.
1261 3596 1361 3679 Aqui·

242 3684 374 3750 leiernes
397 3705 418 3747 a
448 3682 665 3749 communione
693 3683 777 3749 sedis
807 3684 995 3766 apostolicae
1025 3684 1122 3749 trium
1151 3685 1361 3767 capitulorum

204 3796 226 3836 so
241 3771 438 3856 quaestionis
461 3793 559 3837 cansa
581 3793 614 3837 se
643 3793 808 3854 separasse
837 3794 935 3854 snpra
966 3773 1212 3853 commemoraui,
1243 3794 1361 3837 eorum·

241 3883 300 3944 que
320 3860 471 3944 partibus
493 3859 661 3942 Aqrestius
684 3860 839 3941 adhaesit,
863 3860 1030 3942 epistulam
1052 3881 1170 3925 veneno
1198 3861 1361 3926 conviciis·

240 3971 300 4032 qne
323 3949 457 4031 plenum
490 3952 535 4014 ad
563 3950 717 4014 Atbalom
744 3950 942 4015 conscribens
971 3952 1111 4030 eundem,
1142 3948 1233 4014 cuius
1261 3969 1361 4031 supra

240 4037 407 4103 memini.⁴
436 4038 617 4102 Lnaooinm
645 4058 805 4119 reuersus,
840 4060 910 4103 cum
943 4038 1106 4103 doctrinas
1134 4059 1211 4103 suas
1233 4039 1361 4119 profite-

240 4133 340 4207 retur,
364 4126 404 4191 ab
427 4126 581 4192 Eustasio
597 4126 706 4207 primo
729 4126 920 4208 admonitus,
951 4126 1064 4192 deindo
1087 4148 1156 4192 cnm
1179 4126 1362 4210 resipiscere

195 4241 223 4282 ss
241 4216 346 4296 nollet,
382 4236 404 4278 a
437 4214 564 4297 colleqio
597 4221 777 4298 seqreqotus
810 4221 864 4280 est.
912 4216 987 4280 Iam
1014 4237 1076 4297 per
1097 4217 1272 4281 Abolenum
1301 4217 1362 4299 epi·

241 4325 368 4385 scopum
388 4302 603 4368 Genaoensem
624 4305 669 4368 ad
689 4303 904 4385 episcoporum
921 4303 1097 4369 societatem
1115 4305 1253 4386 accessit,
1277 4305 1363 4386 iique

241 4391 403 4458 coniuncti
426 4394 513 4475 apud
532 4392 756 4458 Ollotloarinm
775 4392 936 4474 conquesti
956 4399 1039 4474 sint,
1064 4393 1177 4476 quibus
1199 4394 1363 4475 quantisve
1464 4414 1473 4430 ·

240 4480 394 4546 molestiis
402 4502 464 4561 per
474 4486 641 4547 sectatores
655 4479 820 4563 reliqionis
834 4482 1090 4563 requlaequel
1036 4480 1090 4546 Ool
1090 4481 1222 4547 umboni
1233 4481 1363 4547 ecelesia

240 4571 434 4635 t.urboretur
481 4569 552 4633 Reor
581 4575 685 4633 autem
715 4571 760 4634 ad
787 4590 917 4636 causam
946 4569 1196 4634 examinandam
1222 4568 1362 4634 deudsn·

192 4685 222 4724 ιο
241 4660 377 4739 dumque
399 4658 553 4741 synodum
575 4657 742 4723 convocari
763 4656 866 4738 iussit,
896 4660 1078 4722 nttondem
1101 4657 1275 4739 aliquando
1293 4678 1363 4738 pan

241 4745 390 4812 ecclesiae
404 4752 622 4830 repararetur.
657 4745 771 4826 Itaque
782 4745 919 4827 episcopi
896 4664 1149 4829 u‘tBurqnndioe,
1160 4746 1363 4845 praesidente

245 4833 371 4901 Tretico
393 4834 612 4917 Insqdunensi,
643 4834 807 4899 assistente
835 4834 1075 4900 Wcruaclsario
1103 4834 1224 4899 maiore
1253 4836 1363 4899 domus

240 4923 393 4989 Eustasii
414 4923 611 5003 adversatio,
641 4925 745 4988 eodem
768 4944 829 5005 quo
852 4922 1019 4989 concilium
1047 4922 1268 5008 Olippiocense
1291 4923 1363 4988 cele

241 5015 367 5079 matum
397 5018 444 5077 est
466 5033 552 5077 anno
577 5011 721 5076 XLIII.
745 5011 839 5094 reqis,
872 5010 895 5073 i.
919 5033 944 5075 e.
969 5033 1000 5075 a.
1021 5012 1132 5092 osolt.
1152 5033 1186 5093 p.
1215 5011 1302 5092 Olor,
1326 5011 1363 5077 in
