3184 6800
380 1310 506 1379 IONAS,
519 1309 641 1367 VITAE
659 1308 888 1365 OOLUMBANI
905 1308 1014 1365 LIBRI
1031 1309 1071 1366 Π.
1268 1315 1285 1367 9

160 1500 270 1558 auum
298 1491 465 1574 paschatis
498 1492 703 1557 celebratione
737 1498 801 1556 tota
836 1491 984 1556 dioecesis
1018 1513 1114 1574 quam
1148 1492 1285 1557 manime

155 1583 418 1664 perturbabatur.
464 1581 655 1663 Plerumque
678 1580 775 1646 Scotti
804 1580 1063 1645 resurrectionem
1092 1581 1285 1646 dominicam

160 1671 231 1735 iam
254 1670 434 1752 septimana
449 1677 522 1735 ante
537 1671 778 1749 celebraverant,
802 1691 897 1751 quam
912 1668 1074 1750 episcopus
1093 1669 1285 1736 Gallicanus

161 1781 234 1824 cum
264 1759 332 1824 suis
361 1760 608 1841 subsequeretur,
637 1779 876 1840 nonnumquam
905 1764 1040 1839 utraque
1068 1779 1151 1840 pars
1179 1781 1284 1825 mense

126 1848 287 1930 einteqro
321 1847 483 1913 disiuncta
516 1854 594 1912 erat.
641 1848 803 1929 Maquum
835 1853 939 1912 aretem
968 1847 1075 1912 odium
1109 1847 1152 1912 iis
1185 1849 1284 1914 ateiris

162 1937 263 2002 Scotti
296 1936 461 2017 subibant,
500 1937 613 2018 quibus
644 1934 778 2002 Victorii
812 1942 978 2001 sectatores
1008 1943 1139 2020 propter
1173 1938 1284 2002 lunam

160 2032 313 2108 quartam
341 2025 494 2090 decimam
523 2025 560 2090 in
583 2025 666 2090 diem
689 2024 881 2089 dominicum
903 2027 1136 2105 subsequentem
1159 2027 1283 2107 pascha

160 2113 372 2195 distulerant,
395 2121 468 2179 tunc
490 2113 575 2179 enim
598 2120 711 2195 septem
734 2113 843 2178 diebus
857 2113 941 2178 illud
957 2114 1170 2194 anticipantes
1185 2115 1267 2179 oeul‘

161 2203 422 2268 aduersariorum
438 2203 627 2269 uidebantur
641 2224 706 2267 esse
721 2201 1005 2284 quartodecimani.
1044 2204 1090 2267 Id
1104 2225 1190 2268 anuo
1206 2211 1280 2268 600.

113 2313 190 2374 101).
222 2291 300 2357 Chr.
325 2291 450 2374 accidit,
474 2313 534 2374 quo
558 2291 672 2357 Scottis
695 2293 725 2356 d.
751 2298 780 2356 3.
800 2291 930 2372 Aprilis
952 2293 972 2354 l.
1000 2291 1036 2355 X
1044 2291 1147 2373 VIII,
1176 2292 1283 2358 Gallis

160 2387 266 2446 autem
300 2383 330 2446 d.
365 2388 415 2445 10.
439 2380 566 2462 Aprilis
600 2382 620 2445 l.
647 2379 751 2444 XXI.
780 2380 907 2462 pascha
943 2381 1163 2447 celebrandum
1202 2390 1280 2448 erat.

158 2469 314 2551 Episcopi
336 2491 406 2535 cum
428 2469 723 2551 quartodecimanos
744 2469 983 2550 deprehendisse
1005 2469 1068 2534 sibi
1089 2470 1280 2553 uiderentur,

159 2565 373 2623 conuenerunt
386 2558 632 2640 sententiamque
646 2557 837 2633 unanimam
853 2558 1020 2624 dicerunt:
1039 2557 1132 2624 ‘Oum
1148 2560 1282 2626 Iudaeis

158 2647 269 2726 facere
292 2648 416 2731 pascha
438 2668 504 2712 non
526 2647 689 2712 debemus'.
742 2646 953 2712 Columbanus
975 2653 1078 2711 autem
1100 2647 1192 2712 illam
1220 2650 1280 2728 fri-

112 2759 140 2798 n
158 2736 264 2800 oolam
286 2736 512 2819 inpolitamque
533 2736 692 2816 iudicans,
717 2735 899 2801 Candidum
921 2742 1069 2800 rectorem
1086 2737 1281 2818 patrimonii

158 2824 245 2889 sedis
280 2825 468 2907 apostolicae
506 2846 544 2890 eu
578 2847 608 2889 a.
634 2830 708 2890 595.
744 2824 781 2889 in
815 2823 936 2889 Galliis
968 2831 1144 2889 uersantem
1171 2826 1280 2907 primo

158 2913 280 2978 adiisse
316 2913 449 2996 videtur,
488 2915 545 2979 sed
580 2935 763 2995 responsum
800 2912 907 2977 miuus
941 2911 1118 2992 fauorabile
1151 2915 1278 2997 accepit,

158 3002 280 3068 scilicet
302 3004 449 3084 temporis
471 3002 660 3086 antiquitate
682 3004 833 3067 roborata
847 3001 968 3066 mutari
983 3023 1048 3066 non
1065 3023 1168 3084 posse.
1203 3004 1280 3069 Iam

158 3098 258 3156 totam
273 3112 403 3156 cainam
419 3094 463 3157 ad
482 3090 672 3174 Greqorium
682 3113 808 3175 papam
823 3090 935 3155 detulit
943 3092 963 3172 ¹,
981 3090 1082 3156 ‘Petri
1098 3093 1279 3158 cathedram

107 3203 140 3243 so
159 3179 295 3262 apostoli
324 3187 354 3245 et
382 3180 584 3246 clauicularii
613 3180 749 3262 leqitime
778 3179 987 3261 insidentem',
1016 3187 1052 3244 ut
1080 3180 1183 3262 ipsius
1211 3204 1278 3247 seu-

158 3269 261 3334 tentia
298 3275 355 3333 aut
391 3275 594 3335 excusaretur
631 3276 687 3334 aut
723 3270 933 3347 damnaretur
968 3268 1188 3335 schismaticus
1225 3271 1279 3336 ille

166 3356 334 3439 Victorius,
366 3379 431 3424 non
459 3365 599 3440 receptus
631 3360 671 3425 ab
694 3357 884 3424 Hibernicis
913 3357 1057 3439 antiquis
1082 3359 1280 3443 philosophis

158 3454 189 3511 et
222 3447 468 3528 sapientissimis
502 3447 706 3529 cmuponendi
744 3447 858 3512 calculi
897 3448 1112 3528 computariis.
1170 3449 1279 3530 Ipsius

150 3536 309 3620 paschale
331 3537 452 3602 Romae
480 3536 607 3619 quidem
634 3536 703 3602 iam
732 3536 789 3601 diu
819 3536 970 3601 abolitum
999 3543 1076 3617 erat,
1106 3539 1162 3603 sed
1189 3559 1279 3619 quem

106 3647 139 3688 ss
158 3632 234 3691 tunc
255 3623 303 3690 ibi
326 3625 517 3691 adhibebant
538 3625 643 3709 cyclus
657 3624 813 3708 Diouqsii
828 3624 952 3707 Eniqui
970 3647 1005 3690 eo
1022 3626 1126 3707 maqis
1140 3626 1281 3692 distabat

158 3736 182 3779 a
210 3720 311 3779 uetere
341 3715 516 3779 Scottorum
544 3715 775 3796 supputatione.
827 3714 1040 3780 Columbouus
1069 3716 1148 3780 luna
1173 3715 1277 3780 XXI.

157 3808 188 3868 et
213 3802 341 3867 XXII.
364 3802 523 3869 contendit
545 3804 670 3885 pascha
700 3824 766 3868 uon
795 3824 869 3884 esse,
900 3802 1049 3868 Anatolii
1076 3805 1219 3887 alleqaus
1242 3805 1279 3869 de

152 3891 279 3973 pascha
301 3913 386 3973 opus,
410 3898 503 3973 utque
526 3890 698 3957 Victoriam
720 3913 755 3957 eo
777 3892 881 3974 maqis
896 3893 1060 3974 refelleret,
1078 3915 1140 3974 per
1163 3893 1280 3959 librum

157 3980 274 4062 quiin
297 3980 402 4047 Gallis
423 3987 498 4046 tuuc
521 3980 801 4060 circumferebatur
824 3982 978 4063 doqmatis
997 3982 1152 4062 probauit,
1176 4003 1279 4046 resur·

105 4092 138 4133 so
156 4068 327 4134 rectionem
349 4069 540 4135 dominicam
563 4076 637 4135 ante
660 4069 894 4152 aequinoctium
908 4090 1040 4134 uernum
1059 4071 1279 4135 celebrandam

157 4179 224 4222 nou
259 4179 342 4240 esse,·
379 4157 542 4240 iquoraoit
575 4165 679 4224 autem
712 4160 750 4223 de
784 4158 853 4241 ipso
888 4158 1084 4240 aequinoctio
1113 4164 1279 4239 utramque

156 4246 340 4330 discrepare
355 4254 495 4331 partem,
519 4268 648 4330 cumque
671 4246 854 4313 aduersarii
873 4246 1055 4312 Nicaennm
1077 4247 1277 4329 accepissent,

156 4445 229 4491 tasse
245 4444 291 4503 est,
309 4440 386 4490 cuius
403 4440 533 4491 memoria
545 4442 628 4504 tastis
639 4440 853 4492 Lunooiensibus
864 4440 1058 4508 Martyroloqii
1068 4442 1281 4509 Hieronymiani

157 4510 239 4561 illata
263 4516 301 4561 est
318 4510 389 4574 (cod.
406 4510 549 4579 Epium.).·
574 4508 613 4565 IL
633 4509 705 4565 Non.
725 4509 785 4565 Ian.
804 4510 897 4564 Aedui
915 4511 1035 4580 episcopi
1054 4515 1101 4577 (cf.
1123 4513 1165 4568 ‘N.
1185 4515 1278 4569 Arch’

105 4589 137 4630 ³5
155 4579 267 4645 XXIV,
289 4597 320 4648 p.
338 4583 412 4638 311).
450 4583 554 4635 Aeduus
578 4582 766 4649 appethrbatm·
784 4583 867 4634 abbas
889 4584 1082 4636 Bernhorensis
1105 4588 1217 4648 tertius,·
1243 4588 1277 4651 cf.

155 4651 306 4718 Antiphon.
334 4652 462 4704 Benchor.
507 4653 555 4717 (F.
584 4653 618 4707 Il.
643 4654 760 4705 Warren
788 4653 805 4706 l.
833 4654 849 4708 l.
877 4660 939 4710 tom,
967 4655 986 4705 I
989 4655 1040 4716 Vi:
1068 4654 1207 4707 Domnum
1235 4673 1278 4708 or·

154 4722 235 4774 navit
252 4722 318 4789 (scil.
338 4723 476 4789 Christus)
495 4723 630 4778 Aodeum.
692 4727 718 4790 1)
738 4724 867 4791 Epistula
886 4726 1045 4780 columbani
1062 4728 1098 4777 ad
1118 4728 1279 4792 Greqorium

154 4794 208 4858 (ed.
229 4793 269 4847 W.
290 4793 441 4861 Gundlnch,
461 4794 526 4849 Mo.
545 4796 597 4862 op.
616 4795 673 4862 III,
689 4797 741 4851 156
750 4800 820 4862 sqq.)
845 4812 918 4849 auno
941 4799 1007 4849 dato
1031 4804 1077 4862 est,
1102 4813 1154 4864 quo
1176 4799 1279 4865 pascha

154 4864 306 4916 Scottorum
331 4881 390 4917 enm
417 4866 483 4917 luna
506 4865 586 4924 XIV,
611 4867 679 4931 cycli
700 4868 852 4918 Victoriam
875 4869 1048 4932 conveniebat,
1072 4869 1102 4918 id
1126 4870 1195 4934 quod
1217 4876 1279 4935 post

101 4946 136 4985 40
154 4952 182 4989 a.
196 4938 257 4991 595.
277 4938 358 4987 annis
375 4942 480 4988 tautum
499 4940 559 4992 600.
578 4943 602 4989 et
620 4940 681 4992 603.
700 4939 803 5004 ouidii,
823 4954 932 5005 cumque
950 4956 983 4991 ea·
1000 4941 1112 5007 epistula
1131 4943 1280 5006 insequenti

154 5008 337 5074 intelleqatun
361 5008 472 5060 eandem
494 5011 672 5075 quaestionem
690 5011 808 5061 triennio
825 5017 887 5062 ante
903 5012 1059 5063 ventilatam
1083 5026 1146 5076 esse,
1170 5026 1279 5078 cumque

153 5078 221 5131 hau
238 5094 264 5132 a.
278 5080 338 5133 603.
357 5080 508 5145 conscripta
525 5083 570 5145 eit,
588 5080 665 5132 illam
683 5097 708 5134 a.
723 5082 784 5136 600.
802 5081 1000 5133 attribuendam
1011 5098 1065 5134 esse
1078 5088 1157 5147 patet.
1183 5082 1278 5135 Etiam

153 5150 189 5203 A.
208 5148 318 5213 Haucle,
339 5150 552 5216 ‘Kirchenqesch
565 5151 772 5203 Deutsehlauds’
784 5152 809 5217 I,
823 5168 853 5218 p.
867 5154 918 5206 601
925 5152 944 5217 ⁸,
962 5154 1063 5205 abhoc
1081 5168 1154 5207 anno
1171 5155 1279 5220 turpius

152 5221 298 5273 dissentire
315 5222 372 5272 mm
389 5222 483 5287 notuit,
499 5228 643 5289 postque-m
660 5224 802 5290 epistulam
819 5241 845 5278 a.
859 5225 920 5278 597.
933 5230 981 5274 aret
996 5227 1058 5280 598.
1076 5226 1207 5291 scriptam
1224 5242 1279 5279 esse

98 5300 132 5341 ss
154 5292 220 5344 olim
238 5294 340 5344 censuit
357 5292 404 5356 (ib.
418 5309 449 5359 p.
461 5292 552 5359 584²).
