3184 6800
483 1018 610 1084 IONAS,
622 1019 718 1073 VITA
732 1018 918 1074 VEDASTIS
936 1019 1119 1076 EPISGOPI.
1310 1025 1363 1079 299

406 1207 496 1267 esset
518 1223 671 1266 summus
701 1203 859 1286 pontifex
882 1207 918 1267 33
940 1206 1080 1268 terrens,
1102 1224 1170 1267 non
1196 1208 1362 1279 metuens,

405 1312 469 1356 neo
491 1311 607 1374 regem
631 1291 839 1355 adolationis
863 1293 996 1356 curavit
1019 1293 1093 1356 add.
1116 1287 1171 1376 B]‚
1196 1293 1255 1370 ait,

306 1401 332 1445 3.
352 1386 384 1443 9.
409 1380 503 1444 Heu
526 1401 598 1455 me,
637 1381 718 1444 heu
742 1401 803 1444 me
826 1382 900 1444 aaa.
925 1375 979 1464 B]‚

302 1468 346 1533 ib.
406 1470 599 1552 deportare,
638 1469 836 1533 dulcissime
859 1473 968 1552 pater,
994 1470 1068 1533 add.
1092 1464 1148 1554 B]‚

196 1573 219 1613 ὁ
284 1563 381 1622 310.
408 1557 505 1621 Oum
544 1558 692 1620 subito
727 1558 837 1620 visum
874 1561 942 1635 333,
982 1562 1023 1621 33
1056 1592 1100 1601 -
1136 1564 1362 1637 consumeret,

409 1642 509 1729 [aum
543 1646 691 1710 subito
721 1647 796 1709 add.
820 1641 862 1728 B]
886 1682 930 1690 —
954 1647 1078 1711 cellola
1107 1648 1288 1712 incolomis
1315 1669 1364 1714 re·

408 1736 544 1798 mansit.

249 1823 323 1887 Non
340 1844 451 1904 panca
473 1822 599 1904 qnidam
621 1822 756 1904 epitheta
780 1823 933 1888 ornantia
955 1825 1110 1904 rerbaqne
1131 1824 1257 1904 iterata,
1285 1846 1365 1906 qnae

248 1913 289 1976 ad
310 1918 429 1977 tectam
451 1911 691 1993 inteltependnm
714 1932 791 1992 opns
814 1933 879 1976 non
901 1918 983 1994 snnt,
1008 1912 1174 1977 interitio
1200 1914 1366 1994 deprehen-

189 2022 223 2061 o
247 2001 376 2081 dnntnr,
405 2002 461 2064 scot
479 1999 623 2082 pennino
644 2020 763 2081 quoqne
785 1999 951 2065 interitio
973 2022 1038 2065 esse
1060 2022 1125 2065 non
1148 2022 1265 2084 nepem.
1311 2003 1367 2066 Ea

247 2109 326 2170 qnae
349 2112 372 2154 a
394 2088 428 2152 B
450 2091 566 2154 absnnt
586 2089 714 2170 sotaqne
736 2088 773 2153 in
795 2090 829 2153 A
852 2090 1016 2171 lepnntnr:

284 2184 386 2242 310.
410 2182 450 2241 33
472 2179 612 2242 virtutis
636 2199 736 2243 suae
765 2175 816 2261 [ex
840 2180 1088 2268 suffragatione
1111 2200 1213 2245 suae
1237 2201 1296 2243 orn.
1319 2179 1363 2260 B,

407 2266 499 2331 habet
520 2262 563 2350 A]
596 2267 747 2331 muneris
776 2272 1039 2333 monumentum
1066 2269 1261 2333 viventibus
1289 2271 1366 2333 reli·

408 2359 529 2438 queret
554 2352 634 2435 (scit.
658 2354 772 2437 Dens),

189 2462 229 2502 [δ
246 2446 341 2510 rerba
366 2466 407 2509 ex
430 2445 678 2529 suffragatione
702 2466 784 2510 suae
805 2445 988 2509 necessaria
1007 2451 1090 2526 snnt,
1114 2467 1184 2510 cnm
1204 2445 1367 2527 penetians

245 2534 399 2599 muneris
429 2533 504 2597 inde
532 2535 679 2614 pendeat,
715 2540 807 2614 atqne
836 2555 874 2597 ea
903 2540 992 2614 potet
1017 2555 1080 2616 per
1107 2533 1366 2599 homoeoteleuton

235 2621 476 2702 praetermissa
505 2643 579 2686 esse.
624 2621 773 2702 Denique
802 2623 886 2703 qnod
907 2623 949 2686 A.
973 2621 1008 2685 Β
1037 2644 1061 2687 c.
1089 2631 1118 2686 7.
1140 2621 1227 2687 inter
1248 2644 1280 2687 se
1303 2623 1365 2688 dis·

238 2717 397 2794 crepant:

305 2801 415 2865 eorda
449 2794 652 2882 infidelium]
689 2800 722 2862 A
756 2797 815 2879 (cf.
847 2800 883 2863 V.
914 2799 1050 2864 Ootnmb.
1085 2797 1116 2880 Ι,
1142 2807 1197 2865 27:
1234 2803 1365 2866 animas

189 2901 213 2941 *0
409 2882 692 2969 sacrificantum);
718 2891 821 2952 corda
845 2891 1024 2952 hominum
1047 2890 1114 2954 Dei
1136 2889 1178 2970 B,

227 2974 332 3044 locas
355 2982 421 3039 tam
443 2975 631 3058 insipienter
653 2976 690 3040 in
711 2976 746 3040 B
768 2976 953 3042 immutatas
975 2984 1028 3058 est,
1052 2984 1087 3041 nt
1108 2977 1146 3043 in
1169 2977 1366 3043 contrariam

224 3085 339 3133 versa
370 3087 408 3130 ea
437 3064 616 3144 rideantur,
646 3086 727 3146 qnae
756 3066 927 3148 scripserat
955 3066 1156 3149 bioproptans.
1202 3067 1366 3133 Ecclesiae

223 3153 469 3221 Atrebatensis
502 3153 646 3233 officinm
680 3153 825 3218 divinam
858 3154 955 3221 tinias
987 3155 1181 3220 recensionis
1209 3163 1367 3220 auctorem

226 3251 321 3310 ante
344 3243 449 3306 ocntos
470 3241 625 3322 tabuisse,
661 3263 699 3306 en
732 3242 853 3326 epitopo
886 3243 1085 3326 inteltepitnr,
1120 3244 1176 3309 nbi
1202 3254 1291 3326 pesta
1319 3247 1367 3310 oet

189 3350 204 3391 3
227 3332 407 3398 miracula
425 3331 529 3395 saneti
553 3329 670 3396 ‘coram
686 3333 875 3414 praesentia
893 3332 1045 3413 fidetinm’
1064 3333 1169 3418 ipsias
1191 3333 1254 3398 sibi
1277 3355 1367 3398 enar·

232 3422 358 3489 nanda
380 3442 444 3485 esse
467 3420 586 3502 statnit,
611 3427 703 3502 atqne
726 3422 808 3486 clero
826 3421 877 3485 itti
891 3421 976 3486 istem
990 3422 1060 3486 sine
1076 3423 1170 3487 dnbio
1185 3423 1368 3508 adscriptas

235 3516 325 3591 erat,
356 3509 470 3591 qnippe
501 3509 556 3590 qni
585 3508 838 3574 intercessionem
868 3510 973 3575 sancti
997 3509 1113 3575 ‘coram
1143 3512 1307 3576 enoetso’
1330 3512 1367 3576 in

238 3600 331 3665 calce
355 3597 542 3663 exoraverit.
582 3599 702 3662 Notnm
721 3604 824 3663 antem
842 3605 888 3662 est
901 3599 1007 3664 Deam
1025 3599 1176 3682 optimam
1192 3600 1367 3664 maximnm

242 3694 303 3753 ant
325 3686 484 3752 arbitram
506 3708 648 3768 aeqnmn,
673 3688 858 3767 clementem,
886 3687 1012 3767 instnm,
1042 3694 1160 3752 rectam
1182 3694 1239 3752 ant
1260 3708 1368 3752 reram

199 3797 229 3841 m
244 3776 449 3856 conditorem,
474 3781 654 3855 creatorem,
678 3782 877 3857 repertorem,
901 3782 1037 3841 satorem
1065 3798 1087 3838 a
1110 3777 1196 3840 Iona
1224 3783 1368 3841 rocatnm

246 3887 322 3945 csse,
354 3866 437 3945 qnod
457 3865 561 3948 panto
588 3871 662 3929 ante
684 3864 721 3929 in
743 3871 879 3946 ntroqae
900 3865 1081 3929 recensione
1103 3886 1215 3929 nomen
1242 3865 1366 3945 tepitnr.

246 3952 362 4017 Etiam
399 3952 597 4034 docotopiam
631 3952 815 4035 ampliorem
852 3953 1046 4019 recensionis
1079 3954 1113 4017 B
1145 3953 1368 4035 interpolatam

247 4064 322 4123 esse,
347 4048 531 4123 comparata
555 4042 657 4106 Ionae
679 4042 911 4123 consuetudine,
935 4042 1033 4122 facite
1054 4042 1275 4124 inteltepitnrl.

357 4130 480 4211 Itaque,
510 4136 644 4211 ntroqne
666 4130 847 4195 recensione
869 4131 953 4195 inter
975 4153 1007 4195 se
1030 4130 1235 4213 discrepante,
1267 4138 1368 4196 tectas

208 4248 231 4289 a
248 4220 293 4284 ad
315 4218 435 4284 codices
449 4220 482 4283 A
498 4226 528 4283 et
543 4218 715 4301 praecipere
738 4221 783 4283 ad
804 4219 1047 4284 vetustissimam
1065 4220 1097 4285 A
1114 4228 1154 4285 la
1176 4222 1368 4301 formandas

249 4393 276 4463 1)
297 4393 403 4446 Classes
420 4393 543 4458 einpatae
560 4396 600 4443 ita
618 4393 760 4445 desinunt:

497 4482 532 4536 A.
1085 4484 1117 4538 Β.

302 4569 346 4622 cui
366 4573 407 4622 333
424 4568 513 4637 gloria
532 4573 559 4622 33
570 4568 718 4637 imperium
730 4571 781 4637 (ita
890 4571 934 4622 oui
952 4574 993 4623 333
1008 4570 1104 4639 honor,
1116 4572 1183 4638 laus,
1195 4570 1291 4640 virius,
1307 4572 1367 4639 glo-

248 4645 330 4701 A1a;
354 4639 443 4692 honor
461 4643 489 4693 33
507 4640 525 4694 i.
544 4641 626 4704 Am,-
648 4640 736 4693 honor
754 4645 782 4694 33
835 4640 884 4708 ria,
902 4658 1019 4709 regnum
1038 4643 1235 4708 sempiternum
1250 4659 1322 4694 nunc
1340 4647 1368 4695 33

195 4734 227 4773 ω
247 4712 285 4781 gl.
304 4713 383 4766 Asa.
395 4716 420 4773 3)
436 4711 465 4763 in
478 4710 586 4763 3333313
601 4710 781 4767 saeculorum.
835 4729 886 4780 per
916 4711 1023 4765 infinita
1052 4713 1160 4765 3333313
1186 4714 1366 4768 saeculorum.

246 4784 409 4919 &iliacis
422 4854 525 4907 Rem:
544 4852 587 4905 oui
606 4857 646 4906 333
664 4853 752 4906 honor
771 4857 799 4905 33
817 4785 951 4921 gffisein
970 4854 1124 4907 seculorum
1143 4855 1242 4909 secula.
1261 4855 1366 4923 Amen3

244 4924 419 5051 gigremis..
434 4926 602 5049 {Ennoea
627 4924 672 4977 eui
697 4929 737 4977 333
761 4924 851 4993 gloria
875 4924 971 4992 (virtus
990 4929 1018 4978 33
1042 4924 1131 4977 honor
1154 4927 1184 4981 V.
1203 4928 1291 4994 Enst.)
1317 4943 1368 4994 per
