3184 6800
303 1315 338 1369 14
514 1308 641 1378 IONAS,
654 1309 774 1366 VITAE
793 1308 1022 1364 COLUMBANI
1039 1308 1148 1364 LIBRI
1165 1308 1206 1368 H.

301 1493 369 1559 iam
391 1492 592 1572 refectorium
615 1491 777 1575 iuqressus
799 1498 878 1572 crat,
902 1513 973 1556 cum
987 1491 1183 1557 terribilibus
1200 1491 1305 1557 saucti
1327 1492 1428 1558 dictis

301 1585 346 1647 ad
367 1583 561 1647 redeuudum
584 1587 751 1646 commotus
773 1586 827 1646 est.
874 1580 1057 1646 Perimclum
1085 1580 1256 1646 immiueus
1277 1587 1314 1644 ut
1334 1602 1426 1646 aoer·

302 1677 379 1736 teret
407 1670 528 1752 sibique
558 1671 738 1749 cousuleret,
769 1690 921 1751 auqurem
949 1670 1110 1750 uetustum
1139 1691 1177 1734 eo
1206 1691 1271 1752 qua
1292 1676 1427 1736 oeuerrd

301 1760 358 1824 oia
379 1780 520 1824 remeare
541 1758 712 1840 maluisset,
736 1757 804 1822 uisi
825 1757 879 1822 ille
903 1758 1115 1840 pertiuaciter
1135 1758 1309 1840 restitisset,
1332 1780 1425 1824 uum·

301 1869 397 1930 quam
420 1869 480 1912 sua
502 1853 610 1930 spoute
638 1846 831 1912 mouasterio
860 1868 893 1912 se
922 1867 1120 1929 eqressurum
1154 1868 1219 1912 esse
1253 1849 1459 1929 spondeuss

303 1938 439 2002 Maturo
461 1935 561 2018 iqitur
583 1935 713 2001 coasilio
733 1935 889 2001 seuteutia
904 1935 1039 2001 diceudo
1054 1941 1132 2016 erat,
1156 1957 1197 2000 ue
1211 1935 1248 2001 iu
1263 1942 1425 2002 auctorem

301 2025 361 2091 illo
384 2024 542 2106 recideret,
573 2031 602 2089 et
623 2024 752 2090 iuterim
781 2024 819 2088 iu
848 2024 996 2106 oppidum
1019 2024 1262 2089 Vesoutioueuse
1284 2027 1330 2090 ad
1350 2045 1425 2090 eau-

301 2115 434 2180 loudum
449 2119 593 2179 sumtum
600 2113 739 2198 perduci
752 2113 856 2177 cisum
871 2119 924 2178 est.
964 2113 1183 2179 Comitabatur
1197 2120 1301 2178 autem
1315 2113 1425 2197 ipsum

301 2203 448 2268 miuister
481 2202 572 2267 cuius
604 2223 704 2283 supra
735 2201 866 2266 ammirei
895 2202 1072 2267 Doruoalis.
1130 2201 1208 2267 Oum
1242 2201 1341 2267 uultis
1376 2201 1425 2267 ibi

302 2290 452 2357 custodiis
489 2291 741 2357 circumdaretur
776 2290 1009 2372 molestiamque
1045 2291 1168 2356 uullam
1206 2314 1227 2356 a
1265 2312 1471 2373 quoquam1o

295 2387 472 2465 poteretur,
501 2401 630 2461 cumque
651 2386 785 2444 moutem
808 2381 989 2459 asceudeus,
1019 2379 1106 2445 oiam
1129 2381 1174 2444 ad
1194 2379 1424 2444 mouasterium

302 2468 456 2534 redeuudi
479 2490 500 2533 a
523 2468 610 2533 uullo
633 2467 782 2549 impediri
799 2468 927 2550 uideret,
950 2470 1027 2533 urbe
1042 2468 1153 2534 relicta
1169 2470 1294 2533 domum
1316 2468 1423 2533 rediit.

307 2558 398 2639 Quod
419 2579 488 2622 cum
515 2556 732 2622 Theudoricus
754 2563 847 2638 atque
868 2556 1099 2621 Bruuechildis
1121 2556 1294 2638 audisseut,
1321 2557 1425 2623 missa

300 2646 438 2711 militum
461 2647 584 2711 cohorte
614 2667 684 2710 eum
706 2645 743 2711 iu
765 2646 896 2711 exilium
924 2645 1068 2711 reuocari
1096 2645 1265 2728 iusseruut,
1296 2645 1425 2726 illisque

300 2735 422 2816 iufecta
452 2756 487 2800 re
515 2734 726 2816 redeuntibus,
762 2734 844 2800 alios
872 2734 1036 2815 miseruut,
1072 2734 1128 2816 qui
1157 2756 1227 2799 eum
1256 2755 1295 2799 eu
1323 2756 1425 2816 reqmo
1445 2763 1471 2802 ιε»

298 2826 427 2908 pulsum
449 2824 486 2888 iu
502 2823 651 2907 patriam
674 2823 858 2905 diriqereut.
901 2823 1088 2889 Custodibus
1101 2822 1332 2888 iustautissime
1347 2844 1425 2906 pre·

302 2913 455 2993 cautibus,
490 2919 525 2977 ut
555 2912 630 2978 iude
659 2914 822 2993 recederet,
857 2912 924 2994 ipse
956 2911 1126 2977 immobilis
1151 2911 1354 2996 persistebat,
1391 2934 1426 2978 se

301 3022 474 3082 uumquam
504 3000 714 3066 discessurum
743 3007 881 3080 testatus,
912 3000 979 3065 uisi
1007 3000 1040 3064 oi
1069 3001 1314 3066 abstraheretur.
1361 3001 1426 3066 Illi

300 3090 425 3171 qemiuo
447 3089 559 3154 collati
574 3089 731 3173 periculo,
756 3110 826 3154 cum
848 3089 930 3154 dicto
953 3111 1017 3154 uou
1033 3096 1188 3173 pareutes
1205 3089 1317 3153 mortis
1335 3090 1426 3172 peri-

303 3179 406 3242 culum
420 3177 623 3242 iucurrereut
636 3184 805 3260 souctoque
819 3177 884 3242 oim
898 3177 1022 3257 iuferre
1037 3184 1228 3259 oerereutur,
1253 3180 1298 3242 ad
1318 3177 1427 3259 ipsius
1445 3208 1472 3247 so

299 3287 406 3349 qeuuo
427 3266 600 3351 provoluti,
630 3266 756 3331 oeuiam
781 3269 936 3348 petebout,
968 3267 1081 3348 quibus
1110 3266 1195 3348 reqis
1216 3266 1350 3347 imperio
1375 3270 1426 3333 ob

301 3356 540 3440 temperaudum
562 3361 649 3421 esset.
691 3356 780 3421 Tuuc
798 3358 921 3421 deumm
937 3362 1076 3437 sauctus,
1099 3377 1139 3421 ue
1156 3354 1317 3421 miuistris
1336 3357 1427 3440 peri-

302 3446 405 3509 culum
420 3445 548 3526 faceret,
567 3444 762 3510 severitatem
777 3466 870 3511 suam
884 3445 1015 3525 remisit,
1035 3444 1214 3527 cuuctisque
1227 3444 1428 3511 eiuloutibus

301 3540 394 3616 atque
416 3533 637 3616 moerentibus,
662 3556 678 3598 e
699 3533 891 3599 mouasterio
915 3534 1014 3600 cessit.
1053 3535 1109 3597 Ea
1130 3533 1290 3613 fratribus
1311 3533 1341 3598 ii
1360 3535 1428 3600 soli

301 3643 371 3686 eum
405 3622 494 3704 sequi
522 3622 676 3706 permissi
706 3630 788 3704 suut,
824 3622 880 3704 qui
910 3622 949 3687 iu
981 3622 1172 3687 Britauuiis
1205 3622 1276 3687 uati
1309 3630 1428 3705 eraut,·
1445 3648 1473 3687 25

301 3710 439 3791 reliquos
467 3710 505 3775 iu
533 3710 652 3776 Galliis
681 3718 765 3776 ortos
793 3732 851 3776 rea
874 3732 1038 3776 seruauere
1059 3711 1206 3776 iusserat.
1253 3711 1291 3776 Is
1319 3710 1428 3793 iqitur

300 3798 372 3864 iure
394 3820 450 3864 suo
471 3802 627 3882 utebatur,
650 3807 685 3864 ut
707 3800 763 3881 qui
780 3822 894 3883 pacem
910 3799 1076 3884 publicam
1098 3802 1278 3865 turbasseut
1299 3799 1427 3881 sibique

300 3888 459 3953 molestias
486 3888 716 3953 coutrauisseut
740 3888 929 3971 pereqriuos
958 3911 974 3954 e
1001 3889 1123 3969 (luibus
1151 3888 1219 3953 suis
1240 3896 1426 3954 removeret.

300 3977 400 4042 Auuo
427 3976 583 4059 vicesimo,
608 3983 778 4061 postquam
807 3977 845 4041 iu
866 3978 987 4043 deserto
1009 3977 1127 4060 Vosaqi
1148 3978 1249 4042 soltus
1271 3978 1425 4061 consedit,

300 4064 324 4129 i.
347 4088 373 4131 e.
397 4089 428 4130 a.
447 4072 521 4130 610.
548 4088 587 4151 p.
617 4064 702 4149 Ohr,
738 4066 952 4132 Columbouus
985 4066 1164 4132 custodibus
1197 4066 1295 4149 reqiis
1329 4068 1427 4132 comi·
1446 4091 1473 4132 so

300 4155 442 4220 toutibus
465 4158 510 4220 ad
531 4156 776 4221 Namueteusem
807 4157 955 4221 deductus
987 4162 1032 4220 est
1060 4162 1198 4237 portum,
1233 4175 1293 4236 quo
1323 4176 1428 4221 uooes

300 4243 497 4309 Hiberuicae
519 4244 640 4328 appelli
669 4245 819 4309 solebaut.
866 4244 936 4309 Iter
957 4244 1068 4327 primo
1091 4250 1236 4308 terrestre
1258 4242 1429 4322 faciebamt

294 4353 357 4415 per
375 4332 603 4414 Vesoutiouem,
622 4332 819 4414 Aoallouem,
838 4332 1096 4397 Autissiodorum
1115 4334 1218 4409 urbes,
1242 4331 1356 4397 mucre
1380 4335 1429 4398 ad

300 4421 436 4485 alteram
458 4420 544 4485 uiam
567 4420 761 4486 decliuoutcs
778 4423 868 4506 apud
886 4421 1116 4487 Nicerueusem
1137 4423 1246 4485 urbem
1267 4422 1427 4504 scapham

301 4510 548 4574 cousceuderuut
568 4508 772 4591 Liqorimque
794 4510 983 4593 uaoiqautes
1005 4509 1201 4575 Aureliauos
1222 4516 1252 4574 et
1277 4510 1428 4577 Turouos
1446 4537 1473 4578 a

302 4598 481 4679 attiqcruut,
506 4603 674 4679 autequam
690 4619 750 4680 quo
765 4602 934 4664 teudebout
948 4606 1081 4683 portum
1096 4604 1253 4682 ceperuut.
1294 4599 1427 4665 Naoale

301 4685 363 4751 iter
385 4686 521 4765 fortasse
543 4687 794 4769 praeferendum
817 4694 895 4770 erat,
925 4709 986 4770 quo
1008 4687 1112 4770 maqis
1133 4693 1262 4753 sauctus
1286 4709 1307 4752 a
1330 4688 1427 4769 mdqo

195 4859 198 4865 Ι
301 4780 527 4860 separaretur,
558 4775 769 4857 qraoissimas
798 4775 884 4841 euim
911 4776 1056 4842 iuiurias
1084 4776 1122 4840 iu
1144 4797 1247 4857 reqem
1269 4797 1427 4859 sparqere

301 4864 437 4929 solebat¹
452 4863 600 4945 tristeque
615 4864 828 4948 proesaqium
843 4866 881 4929 de
895 4886 930 4930 eo
946 4866 1167 4949 peroulqabat,
1190 4863 1311 4930 scilicet
1331 4865 1427 4932 iutra

301 4952 476 5018 lrreuuium
507 4950 600 5033 (613.
625 4975 660 5036 p.
690 4953 787 5035 Chr.)
817 4953 922 5036 ipsius
955 4976 1087 5036 requum
1116 4953 1299 5037 periturum
1329 4960 1427 5035 atque
1446 4984 1476 5023 so

308 5040 532 5107 Chlothorium
566 5042 804 5108 domiuaturum
837 5045 932 5108 csse2.
980 5044 1094 5124 Itaque
1125 5042 1303 5108 custodibus
1338 5050 1427 5109 aute-

303 5186 330 5257 1)
358 5187 415 5251 Qua
440 5190 471 5239 de
496 5204 581 5240 causa
604 5190 709 5256 rediret,
733 5191 925 5258 lutcrroqotus,
951 5192 1119 5257 respondisse
1139 5194 1246 5256 fertur:
1270 5191 1366 5242 ‘Canis
1383 5208 1429 5245 me

303 5259 487 5394 wigerus
499 5262 564 5312 mas
577 5277 594 5311 a
606 5262 743 5326 fratribus
755 5262 856 5326 abcqr‘t';
870 5264 905 5329 cf.
919 5264 950 5318 V.
962 5261 1077 5317 Columb.
1090 5262 1169 5327 I‚22.
1215 5264 1242 5331 2)
1262 5262 1293 5316 V.
1306 5262 1428 5320 Columb.
