3184 6800
456 1338 580 1407 IONAS,
594 1339 690 1392 VITA
702 1338 891 1394 VEDASTIS
910 1339 1090 1396 EPISGOPI.
1277 1344 1329 1396 301

327 1521 467 1588 Ultimus
490 1520 598 1600 editor,
623 1521 820 1600 Arbethot,
846 1520 1072 1586 ‘Dissertation
1090 1544 1147 1587 sur
1165 1524 1193 1587 be
1211 1522 1274 1587 lieu
1293 1524 1332 1586 de

215 1610 385 1676 naissance
408 1613 445 1674 de
467 1609 562 1675 Saint
584 1611 685 1674 Vaast
706 1610 806 1674 suiuie
828 1611 866 1675 de
889 1611 1065 1676 b’ancieune
1087 1611 1135 1676 oie
1157 1614 1200 1675 du
1222 1611 1330 1690 saiut',

215 1698 359 1763 Parisiis
375 1705 467 1778 1886,
481 1722 513 1780 p.
524 1706 565 1761 59
575 1705 669 1778 -75,
685 1699 849 1779 utriusque
865 1699 990 1779 quidem
1005 1700 1198 1765 recensionis
1213 1699 1332 1764 codices

215 1787 371 1866 adhibuit,
395 1787 513 1852 scilicet
535 1787 738 1851 Parisienses
760 1788 792 1851 A
810 1797 858 1852 la.
884 1797 935 1853 3a.
954 1790 981 1853 b.
999 1810 1024 1853 c.
1048 1789 1082 1852 B
1094 1797 1145 1870 26,
1173 1790 1229 1854 sed
1250 1788 1332 1852 artis

189 1877 326 1941 »edendi
349 1876 516 1957 imperitus
537 1876 613 1940 utihe
635 1875 718 1940 nihii
735 1884 904 1957 praestare
920 1877 1035 1958 potuit.

321 2115 374 2180 De
398 2121 523 2180 auctore
543 2116 578 2180 V.
603 2115 749 2179 Vedastis
764 2135 845 2196 quoe
864 2115 938 2179 olim
956 2123 1137 2198 statueram,
1162 2140 1200 2183 ca
1218 2140 1334 2199 maqno

214 2211 367 2269 momento
397 2225 462 2268 esse
493 2206 538 2268 ad
565 2205 782 2284 expendendos
812 2203 965 2269 historiae
996 2205 1201 2271 Ohbodooechi
1230 2207 1334 2286 fontes

210 2295 318 2375 primo
335 2299 426 2375 potet
448 2299 581 2374 aspectu,
613 2292 763 2374 multique
778 2300 857 2376 post
877 2315 925 2357 me
946 2301 1161 2374 surrexerunt,
1192 2318 1230 2360 ea
1253 2317 1334 2377 quae

212 2383 287 2448 inde
311 2383 526 2447 concluseram
548 2387 577 2445 et
599 2381 819 2446 examinantes
847 2389 877 2446 et
905 2382 1111 2466 disputantes,
1142 2384 1255 2465 quibus
1277 2385 1335 2449 hoc

189 2470 276 2537 ’ioco
305 2470 426 2554 paucis
453 2471 640 2550 respondere
668 2470 770 2534 uisum
800 2477 854 2534 est.
906 2470 1114 2553 Bioqrophus
1141 2473 1334 2554 priusquam

209 2581 316 2625 meum
340 2559 437 2623 subiit
459 2580 599 2639 euamen,
630 2558 714 2623 inter
740 2559 908 2640 scriptores
937 2561 1055 2625 saeculi
1086 2561 1144 2625 VI.
1175 2561 1332 2642 insiqnem

207 2647 315 2715 locum
349 2647 442 2712 iuuta
478 2647 667 2728 Greqorium
705 2649 919 2712 Turonensem
953 2656 1171 2731 occupauerat,
1206 2650 1333 2730 eiusque

205 2736 402 2803 anctoritate
423 2736 476 2800 636
498 2743 573 2801 sunt
600 2743 630 2800 et
653 2758 799 2817 puqnum
821 2737 1072 2802 Alamannieum
1093 2745 1283 2803 enarrantes
1305 2746 1335 2803 et

203 2825 406 2909 baptismum
423 2824 639 2905 Ohtodooechi,
652 2846 742 2906 quem
754 2825 865 2889 Remis
879 2827 999 2905 factum
1012 2848 1077 2890 esse
1089 2834 1218 2910 praeter
1228 2827 1333 2908 ipsum

200 2914 435 2996 Fredeqarius
457 2915 628 2994 rettulerat,
652 2914 707 2994 qui
730 2914 816 2978 testis
839 2921 912 2980 tunc
934 2916 1030 2979 multo
1053 2916 1207 2980 recentior
1229 2916 1333 2980 666366-

197 3007 373 3070 mabatur.
430 3003 603 3084 Postquam
632 3009 736 3067 autem
764 3002 831 3083 ipse
859 3005 897 3067 de
926 3024 986 3083 quo
1016 3004 1124 3084 aqitur
1158 3012 1268 3069 auctor
1296 3005 1333 3070 in

199 3115 327 3159 aeuum
361 3090 494 3156 dimidio
528 3091 651 3156 saeculo
679 3092 839 3172 posterius
872 3092 987 3156 studiis
1020 3092 1098 3157 meis
1127 3094 1245 3158 relatus
1278 3101 1332 3175 est,

197 3203 344 3262 cunique
367 3203 437 3244 666
459 3202 475 3244 6
496 3179 648 3262 Greqorio
666 3182 805 3260 pendere
825 3180 893 3244 iam
912 3188 1035 3262 constet,
1059 3203 1149 3263 quem
1165 3203 1228 3263 pro
1246 3184 1335 3263 fonte

198 3272 354 3336 eiusdem
383 3269 560 3333 habendum
590 3290 654 3333 esse
684 3269 995 3334 3166666631166661
1019 3271 1093 3334 olim
1123 3273 1333 3353 contenderat,

200 3357 434 3425 anctoritatem
468 3357 535 3422 eius
569 3357 711 3423 deminui
744 3357 811 3440 ipse
840 3359 1029 3425 Funchius²
1058 3360 1209 3426 concessit
1242 3367 1334 3442 atque

201 3447 336 3515 saeculi
352 3447 572 3528 praecedentis
587 3446 753 3511 historiam
772 3450 816 3512 ad
830 3450 998 3530 scriptores
1016 3449 1213 3530 antiquiores
1230 3450 1335 3532 maqis

204 3559 312 3619 quam
342 3539 386 3601 ad
414 3538 497 3600 hunc
519 3536 724 3617 posteriorem
755 3538 992 3603 describendam
1019 3560 1085 3602 6336
1107 3538 1186 3603 mihi
1209 3539 1335 3621 quidem

207 3632 460 3691 consentaneum
482 3625 607 3689 uidetur
629 3647 703 3689 esse.
744 3628 855 3707 Neque
875 3647 955 3707 quae
979 3629 1016 3691 de
1039 3628 1171 3692 Vedaste
1194 3628 1335 3709 episcopo

207 3714 361 3779 instituto
384 3716 480 3794 deque
503 3716 595 3778 rebus
612 3714 874 3779 Atrebateusibus
896 3715 978 3779 idem
1001 3716 1145 3797 tradidit,
1170 3739 1207 3781 ea
1230 3717 1335 3799 maqis

211 3803 304 3869 credi
326 3809 470 3884 possunt,
502 3809 640 3884 recteque
663 3805 707 3867 od
728 3802 905 3884 episcopum
928 3806 1084 3883 qnondam
1107 3812 1273 3885 uaqantem
1296 3828 1334 3870 ea

212 3891 373 3957 rettulisse
395 3891 475 3955 mihi
497 3891 622 3955 uidetur
643 3892 686 3955 A.
706 3893 854 3956 Hauoh3.
901 3893 1071 3957 Eiusmodi
1099 3893 1234 3973 episcopi
1257 3916 1335 3958 num

215 3987 291 4045 ante
320 3980 548 4045 Columbonum
572 3981 748 4061 Scottosque
771 3988 863 4061 atque
885 3987 1038 4062 requente
1066 3981 1274 4047 Ohbodooecho
1297 3982 1334 4047 66

220 4069 343 4135 Galliis
365 4068 598 4133 inveniuntur?
643 4071 759 4133 Nonne
786 4070 889 4133 Ionas
921 4069 1068 4134 instituta
1102 4070 1172 4134 aeni
1205 4071 1257 4135 sui
1291 4073 1337 4135 ad

223 4158 372 4223 Vedastis
394 4159 537 4237 referens
560 4179 594 4221 eo
616 4157 684 4237 ipso
712 4159 799 4237 facto
825 4160 920 4237 fidem
942 4157 1004 4222 sibi
1027 4158 1189 4223 detraxit?
1236 4160 1334 4225 Mitto

189 4247 288 4311 oursi
304 4246 530 4311 habitationem
545 4246 581 4310 in
597 4248 673 4311 urbe
688 4253 844 4327 repertum
863 4269 920 4311 nec
935 4253 1092 4328 repertam
1107 4248 1334 4313 habitationem

218 4335 365 4416 honunis,
390 4335 447 4400 etsi
470 4357 595 4399 caecum
624 4342 652 4399 et
681 4337 828 4400 chaudum
850 4336 1012 4417 episcopus
1033 4336 1123 4401 intra
1150 4358 1257 4402 muros
1280 4341 1333 4403 ad-

218 4424 323 4489 iturus
353 4424 457 4489 666663
485 4424 632 4488 habuisse
662 4424 779 4489 dicitnr
809 4424 995 4489 alimonium
1023 4426 1230 4506 postulantes.
1282 4427 1334 4492 De

218 4534 294 4578 urso
316 4513 371 4576 ibbo
394 4535 499 4577 noune
522 4520 632 4577 auctor
653 4516 761 4578 eadem
778 4513 912 4594 iteravit,
934 4514 1066 4594 quaein
1088 4515 1125 4579 V.
1147 4515 1335 4581 Oolumbaui

219 4603 297 4682 Le,
322 4601 501 4682 scripserat,
526 4601 714 4666 Atrebatum
742 4603 851 4667 urbem
873 4602 940 4667 iam
963 4604 1028 4667 loco
1051 4604 1168 4686 Vosaqi
1184 4605 1335 4686 ponens?

189 4713 199 4751 s
219 4691 322 4772 Atque
345 4690 513 4755 cerevisiae
535 4690 733 4772 miraculum,
763 4693 847 4772 quod
875 4693 912 4755 de
934 4692 1132 4757 Alamannis
1160 4693 1197 4758 in
1226 4697 1333 4759 eodem

222 4779 411 4845 Columbani
429 4779 503 4844 Vita
520 4780 549 4860 I,
568 4786 619 4860 27,
640 4787 749 4844 auctor
764 4786 982 4861 enarraverat,
1002 4802 1107 4846 66666
1124 4782 1206 4847 idem
1219 4784 1335 4847 iterum

217 4871 263 4934 ad
292 4869 455 4933 Vedastem
488 4869 694 4949 Francosque
727 4868 871 4933 rettulit?
921 4869 1084 4951 Euiquam
1117 4872 1334 4936 auctoritatem

225 4959 262 5023 V.
287 4956 433 5022 Vedastis
463 4956 604 5036 equidem
634 4957 767 5021 attribui
795 4978 851 5021 nec
879 4957 984 5036 falsus
1013 4980 1078 5022 esse
1107 4960 1187 5023 mihi
1215 4960 1332 5025 uideor.

217 5168 246 5234 1)
262 5167 369 5229 Hauon,
388 5166 606 5230 66666966,
620 5167 862 5232 acessionem,
877 5184 907 5233 p.
922 5170 973 5223 109
991 5170 1043 5233 (a.
1057 5174 1126 5235 pra.
1196 5173 1224 5237 2)
1240 5172 1336 5224 ‘mu
1398 5145 1403 5154 ’

189 5257 195 5289 r
215 5239 336 5379 ἴρίᾏὲσίιξ,
355 5237 586 5363 mmaischrift',
610 5237 746 5303 Tubtnqae
766 5240 843 5305 1895,
866 5242 1018 5306 p351sq.
1104 5242 1131 5308 3)
1157 5241 1256 5293 Hauch
1276 5244 1292 5297 l.
1312 5259 1333 5296 o.
