3184 6800
474 1307 599 1378 lom,
612 1309 734 1366 VITAE
753 1311 982 1368 commem
998 1312 1107 1368 LIBRI
1124 1313 1164 1370 11.
1342 1320 1379 1373 4⁷

251 1493 324 1557 iam
346 1490 536 1570 Marcutsns
557 1491 699 1575 episcopo
722 1492 906 1558 dunecano
928 1494 1109 1575 reservarit,
1133 1515 1224 1561 eraso
1246 1498 1312 1562 loco
1334 1498 1380 1563 ad

251 1579 488 1646 institutionem
514 1580 695 1662 pertinente
704 1581 725 1662 ²,
759 1602 838 1646 nam
870 1583 1013 1647 abbatem
1041 1605 1063 1648 a
1085 1584 1173 1648 nullo
1195 1585 1378 1666 promoueri

252 1670 356 1735 votuit
377 1667 445 1733 nisi
467 1669 507 1733 ab
529 1668 702 1750 episeopo&

365 1756 521 1823 Instituta
539 1757 735 1824 coenobiatia
752 1760 928 1824 Scottorum
942 1782 964 1824 a
979 1758 1145 1841 discipulis
1162 1763 1377 1828 sectatoribus·

221 1869 314 1930 aque
342 1845 532 1946 Columbani
555 1867 617 1928 per
639 1853 719 1912 totas
745 1847 875 1913 Gallias
895 1848 1086 1929 permicata
1108 1856 1192 1931 sunt,
1220 1851 1378 1934 matrique

252 1933 453 2001 Luaooienei
485 1934 576 2016 filiae
609 1955 777 2001 surrexere
810 1936 878 2015 fere
911 1935 1107 2017 innumerae,
1141 1959 1179 2003 in
1212 1960 1293 2021 quas
1324 1940 1378 2006 ins

252 2023 456 2090 coercitionis
466 2024 652 2105 conpetebat
662 2023 1005 2090 abbatilamoorensffi.
1034 2024 1221 2092 Poteutinus
1232 2029 1378 2094 Inmooio

252 2113 462 2179 discedentem
494 2111 683 2194 maoistrum
716 2112 890 2193 comitatus,
924 2112 962 2178 in
994 2113 1122 2196 reqione
1147 2115 1375 2200 Armoricana,

251 2201 374 2268 scilicet
406 2200 444 2266 in
477 2200 611 2267 dioecesi
649 2199 903 2283 Constantiensi,
940 2203 1168 2268 morcasterium
1202 2205 1375 2271 condidit⁴.

206 2314 234 2354 ιο
256 2290 432 2374 Gmuptnra
463 2289 502 2355 in
534 2288 669 2355 dioecesi
701 2289 903 2356 Bituricensi
936 2292 982 2355 ad
1012 2290 1200 2357 Columbani
1233 2295 1376 2377 requiam

250 2377 451 2444 monasteria
468 2384 647 2444 coristructa
661 2385 745 2459 sunt,
769 2378 887 2444 scilicet
902 2402 924 2444 a
938 2379 1123 2445 Bertioara
1137 2381 1261 2460 femina
1276 2383 1377 2450 nobiti

250 2467 423 2534 mulierum
443 2488 545 2532 aaron
561 2466 600 2532 in
618 2469 696 2532 urbe
717 2466 800 2550 ipsa,
824 2489 846 2532 a
865 2467 1044 2548 Itaeudutfo
1059 2477 1259 2550 coqnomento
1272 2471 1375 2538 Babo-

251 2558 324 2622 teno
345 2554 489 2622 oirorum
510 2557 573 2621 duo
594 2555 633 2620 in
654 2555 765 2621 insuia
787 2555 1010 2622 Miiruandrac
1032 2557 1129 2635 fluvii
1157 2565 1187 2623 et
1213 2559 1376 2627 Gaudiaci

250 2645 439 2727 tertianam
452 2644 621 2710 mulierum
636 2645 702 2710 ioco
717 2644 773 2726 qui
793 2643 1004 2710 Oarantomus
1025 2651 1156 2710 vocatur
1177 2650 1223 2712 ad
1242 2649 1375 2714 eundem

205 2755 233 2798 a
250 2733 389 2813 fluuium
426 2733 495 2798 sito.
553 2733 657 2816 Prope
693 2735 802 2798 urbem
836 2733 1066 2798 Nioeraensem
1104 2734 1189 2799 idem
1225 2742 1374 2818 quartum

250 2821 370 2888 adiecit
397 2821 471 2888 item
499 2821 698 2887 muticrmn⁵.
744 2821 844 2887 Mitto
874 2821 1119 2904 Sadatberqam,
1149 2822 1255 2903 filiam
1285 2824 1373 2890 Guri

251 2910 357 2993 doeni,
386 2932 483 2994 qnam
512 2932 637 2977 caecam
666 2909 839 2975 Eustasius
866 2910 904 2975 in
932 2910 1011 2975 oilla
1040 2911 1139 2976 Mosa
1167 2919 1341 2977 sanaverat
1349 2914 1370 2996 ⁶,

250 2998 484 3065 Romaricum⁵
520 3021 537 3064 e
573 2999 781 3064 nobilioribus
823 2998 1029 3064 Heudeberti
1073 2999 1158 3082 roais
1201 2999 1370 3083 ministris,

250 3087 391 3154 amicum
412 3088 547 3168 Arnutfi
573 3087 709 3170 episcopi
731 3087 930 3168 Mettennssr',
961 3107 1031 3152 cum
1053 3088 1179 3170 Amata,
1203 3089 1372 3173 Elicium⁵

203 3198 232 3240 n
244 3183 359 3258 postea
381 3176 662 3242 Viromandensem
684 3176 859 3258 episcopum
889 3175 1085 3259 reliquosque
1106 3179 1371 3244 monasteriorum

250 3265 429 3331 conditores
450 3264 530 3330 ritui
549 3264 681 3330 Scottico
699 3264 851 3346 addictos,
874 3285 1007 3347 quorum
1029 3265 1113 3330 oitas
1135 3273 1192 3330 aut
1213 3267 1371 3333 edidimus

250 3361 309 3420 aut
330 3353 448 3420 edituri
469 3375 587 3419 minus.

359 3442 497 3509 Interim
526 3442 673 3508 instituta
702 3442 770 3523 itta,
801 3442 914 3525 qualia
946 3442 1158 3509 Columbanus
1187 3444 1368 3528 reliquerat,

249 3534 360 3598 eadem
387 3531 520 3597 minime
546 3538 803 3614 permanserant,
837 3532 1014 3611 reformata
1047 3554 1117 3597 cum
1150 3534 1370 3615 minutatione

202 3643 231 3684 n
243 3620 397 3703 paschati
429 3627 496 3685 tum
529 3620 650 3702 requio.
696 3621 807 3685 Mutta
836 3619 921 3685 euim
953 3620 992 3684 in
1020 3620 1081 3686 trac
1109 3623 1370 3705 reprehendenda

248 3730 317 3775 esse
345 3709 417 3774 oica
445 3715 520 3774 suut
547 3730 616 3774 cum
639 3708 788 3790 Aorestio
817 3715 883 3773 tum
912 3708 998 3790 aliis,
1026 3709 1178 3790 inprimis
1200 3710 1304 3776 nimia
1325 3732 1369 3778 se·

248 3797 369 3863 ueritas
390 3799 438 3863 oet
459 3797 497 3862 in
518 3799 611 3863 rebus
626 3797 772 3862 minimis
793 3797 1031 3879 constitutioque
1047 3820 1169 3881 parum
1191 3799 1367 3879 definitiva.

249 3886 514 3953 Percussionibus
537 3886 637 3968 duris,
670 3886 782 3967 quibus
804 3891 938 3968 peccata
960 3886 1042 3951 levia
1071 3888 1119 3952 oet
1143 3888 1250 3968 potius
1278 3890 1369 3954 nutus

249 3974 387 4041 coerceri
414 3976 556 4040 voluerat
581 3973 803 4055 Oolurnbanus,
833 3974 982 4039 monachi
1009 3976 1212 4041 monasteriis
1240 3979 1368 4059 erpelle-

203 4088 231 4129 so
248 4065 377 4146 bantur,
401 4062 671 4146 caerimoniasque
685 4064 867 4145 superfluas
878 4062 1078 4144 pumiceque
1096 4064 1285 4129 constituens
1299 4065 1369 4143 fere

248 4151 373 4217 derisui
394 4153 568 4218 habebatur
588 4152 749 4235 maoister.
795 4152 832 4216 E
850 4151 1012 4217 contrario
1041 4152 1079 4215 de
1100 4152 1291 4216 monasterio
1314 4154 1368 4217 ad

248 4240 466 4306 ministrando
487 4247 579 4323 atque
601 4242 639 4305 de
662 4240 860 4323 disponenda
881 4239 949 4304 oita
977 4238 1151 4305 coenobiali
1174 4261 1282 4321 pauca
1311 4248 1368 4306 aut

248 4330 342 4394 nutta
370 4329 408 4394 in
437 4329 540 4411 iusim
569 4330 680 4411 recula
709 4328 843 4408 definita
872 4334 975 4393 eram.
1020 4328 1113 4394 Haec
1135 4328 1244 4393 omnia
1266 4329 1367 4395 Bene

249 4418 353 4483 dictus
382 4418 494 4499 optime
524 4418 738 4499 ordinaverat,
773 4416 864 4483 cuius
892 4418 1003 4499 reyuta
1026 4424 1196 4499 praeterea
1224 4418 1367 4484 humana

203 4530 229 4571 a
247 4506 463 4571 moderatione
492 4506 647 4571 eminebat
655 4508 677 4569 ⁸.
731 4506 822 4571 Sicut
849 4506 887 4570 in
918 4526 1012 4570 usum
1044 4506 1207 4588 circinum
1240 4514 1366 4573 auctore

247 4594 380 4661 Donato
402 4594 542 4677 episcopo
571 4594 810 4660 Vesontionensi
839 4614 878 4659 eu
899 4594 1018 4675 reculis
1046 4594 1241 4677 Columbaui,
1264 4596 1366 4661 Bene·

247 4682 336 4765 dicti,
357 4682 505 4749 Caesarii
519 4682 721 4766 enchiridion
736 4689 927 4765 conpactum
942 4690 996 4765 est,
1019 4682 1068 4748 ita
1085 4684 1180 4748 etiam
1202 4685 1366 4750 monachis

252 4771 443 4837 Columbani
464 4772 611 4837 instituta
634 4771 805 4837 dilatanda
826 4777 927 4849 eraut,
951 4778 1114 4853 assumpta
1136 4774 1246 4853 requio
1264 4773 1365 4837 Bene·

247 4929 275 4995 1)
302 4928 477 4995 Prmdcatum
502 4930 606 4995 renium
624 4930 699 4995 apred
716 4927 888 4991 Marcnlfnm
904 4928 929 4994 Ι,
943 4930 968 4982 2,
1059 4927 1086 4997 2)
1112 4928 1287 4993 Prioileqium
1310 4930 1365 4993 ept-

198 5009 227 5049 ιο
245 4999 353 5065 ecopale
369 5000 404 5054 ib·
422 5000 485 5065 1,1.
550 5002 579 5067 3)
601 4999 791 5051 Correctr'onem
809 4998 936 5050 Eustasii
951 4999 1112 5051 Ronmrr'cus
1129 5006 1153 5050 et
1171 5001 1287 5050 Amatae
1304 4999 1365 5050 sub-

245 5072 322 5132 ierc;
346 5070 381 5134 cf.
398 5070 429 5125 V.
449 5070 565 5124 Coimnb.
584 5070 691 5135 11‚10,·
716 5070 817 5122 Hauctc
833 5070 850 5124 t.
870 5070 888 5123 t,
910 5086 939 5136 p.
952 5068 1041 5132 298⁸;
1069 5069 1098 5121 0.
1116 5070 1166 5123 Fr.
1185 5069 1279 5135 Weiss,
1305 5070 1365 5121 ‘Dic

245 5140 412 5193 montaum
448 5140 624 5193 Enemtioncn
658 5141 705 5193 der
735 5140 863 5206 Ram,
893 5141 998 5194 daret.
1029 5140 1110 5193 Bern.
1141 5138 1245 5206 (1893),
1272 5158 1300 5206 p.
1321 5142 1362 5195 18.

245 5213 275 5277 4)
298 5211 331 5266 V.
352 5211 566 5278 Commb.1,21.
646 5214 673 5279 5)
701 5212 861 5276 Io.11‚10.
940 5209 967 5279 6)
993 5211 1036 5264 Io.
1055 5210 1133 5275 II‚8.
1216 5209 1243 5278 7)
1270 5212 1312 5275 Os.
1332 5211 1362 5266 V.

220 5283 362 5348 -Arnulft
379 5298 400 5338 c.
414 5285 439 5339 6.
511 5284 539 5350 8)
561 5282 604 5347 Cf.
623 5282 746 5347 Rcttbcra
762 5284 780 5337 t.
801 5285 818 5336 t.
834 5298 863 5348 p.
876 5283 928 5336 678
937 5297 992 5347 sqq.
