3184 6800
313 1323 348 1375 46
526 1316 652 1383 IONAS,
664 1315 786 1371 VITAE
806 1314 1036 1371 cotasfflffl
1052 1314 1161 1372 LIBRI
1178 1315 1219 1373 Π.

313 1521 394 1582 qrrae
422 1506 452 1564 et
479 1499 552 1580 ipsa
580 1499 649 1564 iam
676 1499 753 1564 iude
781 1497 958 1580 andquitns
980 1519 1046 1582 per
1073 1499 1211 1580 rcpalem
1239 1499 1442 1565 sanctionem

313 1591 369 1652 sub
404 1588 559 1652 libertatis
588 1587 758 1669 privilepio
792 1587 992 1652 mansissent.
1045 1587 1133 1667 Etsi,
1164 1586 1354 1670 pricilepirs
1386 1589 1443 1653 liis

313 1677 562 1758 deficientibus1,
590 1677 628 1741 de
654 1675 807 1756 qualitate
829 1675 985 1740 libertatis
1006 1674 1144 1757 stupidis
1165 1697 1332 1742 concessae
1355 1676 1441 1742 iudi-

313 1765 384 1830 cari
428 1764 552 1846 nequit,
598 1771 702 1829 tanuen
744 1785 782 1829 ec
820 1763 956 1829 historia
993 1763 1206 1830 ecclesiastica
1242 1772 1441 1848 compertum

313 1853 471 1934 labeum,
511 1854 558 1918 rel
595 1852 827 1918 celeberrimum
865 1852 1092 1918 Lirinensium
1129 1852 1361 1918 monasterium
1398 1875 1471 1919 eccs

312 1941 534 2008 iurisdictione
571 1942 757 2006 dioecesana
793 1940 924 2006 minime
957 1947 1130 2023 eaernpmm
1164 1941 1294 2022 saisse²,
1336 1963 1440 2024 neque

313 2036 387 2094 ante
421 2029 650 2096 Columbanum
678 2029 845 2112 restipium
872 2029 963 2094 illius
991 2029 1147 2094 libertatis
1176 2029 1371 2096 coenobialis
1398 2031 1439 2096 in

318 2117 438 2184 Galliis
453 2119 704 2201 deprehenditur,
729 2120 853 2200 qualem
874 2118 943 2199 ipse
956 2139 1013 2182 suo
1028 2117 1226 2184 Luuooiensi
1239 2120 1439 2185 manasterio

313 2215 509 2288 asseruerat,
547 2207 712 2289 qualisque
746 2206 940 2272 Resbacensi
977 2213 1146 2288 conpetere
1178 2206 1348 2272 ridebatm
1382 2207 1440 2274 ‘ad

312 2297 437 2360 modurn
452 2295 695 2362 Luuouiensis'³
712 2295 867 2360 instituto.
906 2295 1044 2360 Interim
1067 2316 1136 2360 curn
1158 2295 1355 2376 reliquorum
1373 2297 1482 2380 epi-10

311 2405 474 2466 scaporum
497 2391 562 2450 tum
577 2384 754 2450 Meldensis
776 2383 993 2450 auctoritatem
1017 2383 1205 2450 canonicam
1226 2405 1285 2449 rer
1301 2404 1340 2450 re
1357 2406 1438 2450 aera

311 2472 519 2538 imminuerat
535 2495 634 2556 neque
651 2473 731 2555 ipsis
745 2472 859 2537 inritis
870 2471 1078 2555 priuilepium
1093 2472 1216 2554 reatum
1230 2473 1276 2538 ad
1288 2472 1437 2552 effectum

312 2561 429 2627 adduci
446 2568 582 2643 poterat.
635 2562 726 2630 Unde
749 2561 847 2627 Dado
869 2560 1111 2640 referendarius
1133 2583 1203 2626 curn
1224 2561 1391 2642 fratribus
1412 2585 1437 2627 a

310 2649 606 2734 Burpundosarone
628 2651 684 2734 qui
706 2649 868 2715 Meldicae
890 2649 1037 2715 ecclesiae
1060 2657 1135 2715 tnnc
1156 2657 1309 2731 praeerat
1323 2657 1436 2732 pastu

311 2739 399 2805 labat
427 2747 518 2822 atque
548 2760 605 2805 reu
627 2761 695 2805 una
718 2760 787 2804 cum
815 2738 990 2804 Oanderico
1013 2738 1209 2820 patriarcba
1234 2738 1435 2822 Galliarum,
1456 2763 1482 2804 n

310 2827 428 2894 scilicet
442 2829 584 2912 episcopo
599 2829 818 2911 Lupdunensi,
835 2827 971 2909 aliisque
985 2827 1139 2910 episcopis
1146 2827 1239 2909 parti
1254 2827 1437 2894 Scottorum

310 2917 447 2983 addictis
469 2918 569 2983 eidem
591 2918 822 3000 supplicabant,
850 2921 887 2980 ut
908 2914 1008 2981 simili
1031 2915 1181 2995 beneficio
1202 2917 1433 2982 monasterium

310 3004 489 3087 instrueret,
513 3006 603 3088 isque
625 3006 876 3071 consttutionem
897 3007 1012 3069 suarii
1034 3027 1065 3068 a.
1090 3010 1154 3068 638
1180 3001 1243 3083 (ael
1265 3005 1377 3087 637.9)
1402 3009 1434 3072 d.

313 3099 342 3155 1.
358 3094 479 3158 Martii
497 3093 592 3159 etiam
611 3093 927 3176 conprovincialibus
944 3093 1013 3158 suis
1031 3094 1286 3173 confirmandam
1308 3094 1432 3160 obtulit.

310 3182 386 3245 Iam
414 3181 480 3264 ipse
510 3182 671 3265 episcopus
700 3181 904 3247 dioecesanus
933 3203 999 3246 non
1027 3183 1128 3247 solum
1158 3181 1209 3247 ius
1238 3181 1435 3249 instituendi
1453 3207 1481 3248 so

310 3270 435 3335 abbatis
450 3270 686 3354 conprepationi
704 3270 834 3336 contulit
848 3270 953 3335 verbis
970 3270 1073 3335 bisce:
1095 3292 1197 3354 quem
1215 3273 1433 3339 unanimiter

310 3361 421 3424 omnis
437 3362 660 3445 congregatio
676 3361 738 3425 illa
753 3361 1000 3425 monachorum
1017 3381 1059 3427 ex
1074 3363 1183 3426 semet
1197 3360 1281 3445 ipsis
1296 3362 1431 3446 optime

309 3450 465 3531 regulam
489 3454 702 3535 compertum
726 3451 904 3533 elegerint,
936 3450 1003 3514 sibi
1031 3450 1199 3515 seniorem
1227 3451 1431 3531 instituant,

309 3537 480 3603 sedetiam
502 3538 571 3603 iuri
593 3560 650 3603 suo
673 3538 760 3603 eirca
776 3537 982 3619 pontificalia
1004 3537 1204 3618 renuntians,
1235 3539 1335 3603 eidem
1360 3560 1433 3605 con·

310 3627 409 3707 cessit,
428 3633 464 3691 ut
479 3627 714 3707 benedictiones,
735 3626 991 3707 consecrationes,
1015 3647 1123 3691 saeros
1138 3626 1266 3691 ordines
1281 3650 1303 3691 a
1318 3628 1433 3708 peeoris
1450 3650 1478 3693 ss

309 3714 472 3794 spirituali
494 3716 647 3798 pontifice
670 3716 881 3799 perciperent,
910 3722 947 3779 ut
971 3714 1095 3796 siquis
1118 3715 1433 3783 emouacbismore

311 3803 442 3869 Scottico
472 3804 615 3869 ordinem
644 3804 849 3886 episcopalem
882 3809 995 3869 nactus
1024 3809 1110 3884 esset,
1145 3802 1175 3868 is
1206 3824 1244 3868 ea
1272 3806 1433 3885 perficere

303 3899 416 3974 posset,
441 3900 533 3975 atque
548 3892 652 3958 uerbis
667 3892 786 3974 apertis
797 3892 966 3973 professus
980 3898 1035 3972 est,
1059 3893 1181 3957 nullam
1195 3913 1228 3957 se
1241 3898 1432 3975 potestatem

309 4001 406 4062 neque
440 3981 477 4045 in
509 3984 603 4047 rebus
633 4002 732 4063 neque
764 3980 803 4045 in
836 3980 1030 4045 ordinandis
1057 3979 1206 4062 personis
1239 3982 1432 4047 monasterii

308 4068 430 4153 labere,
454 4071 659 4153 dunpliuam
682 4090 802 4152 quoque
824 4070 1049 4135 monachorum
1067 4075 1163 4134 totam
1181 4068 1289 4134 abbati
1304 4072 1430 4135 cedens.
1448 4094 1476 4134 so

308 4158 513 4224 Monasteria
543 4160 614 4225 licet
643 4159 806 4240 complura
838 4180 936 4239 euque
965 4159 1010 4222 ad
1039 4157 1160 4223 Karoli
1189 4158 1257 4222 Μ.4
1286 4163 1431 4239 tempora

128 4289 131 4298 ·
216 4272 290 4324 aas.
308 4250 443 4331 euernplo
473 4248 708 4328 Lerinensium,
739 4246 989 4327 Acauuensium,
1024 4245 1288 4311 ‘Ducariensium
1319 4268 1430 4313 mona·

308 4337 435 4402 cicorum
458 4337 606 4401 instituta
629 4336 703 4416 sint,
736 4335 895 4401 libertates
918 4341 1023 4399 tamen
1052 4356 1117 4400 uon
1139 4335 1264 4400 eaedem
1294 4336 1335 4401 ab
1364 4337 1429 4418 epi·

306 4425 410 4508 scopis
428 4425 474 4489 eis
494 4426 750 4504 concedebantur,
772 4424 855 4490 sicut
869 4423 1070 4504 Resbacensi,
1094 4430 1186 4505 atque
1203 4422 1281 4488 iura
1298 4423 1430 4505 potiora

308 4653 335 4720 1)
355 4652 390 4703 In
409 4654 480 4704 btnts
499 4652 656 4705 Oblotbarr't
671 4654 745 4717 repis
761 4661 801 4717 (a.
815 4654 980 4718 613-629)
994 4652 1155 4719 privilepr'rs,
1181 4666 1295 4717 punam
1313 4651 1428 4705 chrono-
1447 4670 1474 4711 ss

305 4724 429 4790 prapbus
440 4725 606 4775 Acaunensis
618 4739 643 4777 a.
656 4726 718 4779 830.
731 4726 851 4775 meminit
863 4724 1022 4789 (Gremaud,
1037 4722 1179 4787 ‘Oripines'
1187 4739 1217 4789 p.
1230 4724 1287 4789 26),
1302 4726 1429 4774 sanctum

307 4798 373 4861 mat,
392 4812 424 4846 ne
441 4796 598 4847 consuetudo
615 4795 806 4847 manachorum
825 4796 1023 4847 Acauuensr'um
1041 4796 1240 4859 immutaretur,
1261 4808 1324 4845 nens
1342 4793 1429 4847 abbas

306 4868 514 4931 constitueretur,
541 4868 597 4917 ursi
620 4881 654 4917 ea
677 4868 746 4931 r'psr's
770 4882 846 4932 quem
870 4867 974 4929 fratres
996 4866 1139 4930 elepissent.
1228 4864 1257 4933 2)
1284 4864 1327 4928 Of.
1346 4866 1427 4920 Auci.

307 4940 389 5004 antiq.
409 4937 487 5003 VIII,
503 4953 533 5002 p.
546 4954 608 4992 arn
663 4939 691 5003 3)
707 4937 858 4988 Pardessus
876 4937 892 4991 l.
913 4938 929 4991 l.
948 4936 988 5001 II,
1005 4954 1032 5003 p,
1046 4938 1089 4990 39,
1146 4935 1428 5003 desperatarum

305 5011 465 5059 monasterio
484 5008 616 5059 Acatr'ano
640 5011 671 5058 in
693 5010 833 5059 territorio
851 5008 993 5058 Sabtuensi'
1016 5010 1068 5058 sito
1092 5022 1109 5055 a
1134 5006 1474 5065 aurorescente

305 5093 450 5130 mmcssum
468 5078 628 5143 (Ducbesne,
647 5078 744 5145 Script.
761 5078 818 5143 ΙΙΙ,
831 5080 912 5138 652).·
929 5077 1113 5145 privilegium,
1132 5077 1203 5128 siant
1221 5079 1312 5129 cetera
1330 5093 1428 5131 mons·

305 5149 387 5201 steria
405 5148 596 5216 Lirinensium,
615 5148 824 5217 Agaunensinm
842 5152 871 5201 et
887 5147 1110 5214 Luxoriensium,
1134 5148 1183 5200 ubi
1207 5146 1297 5215 prisca
1313 5151 1429 5216 patrum

304 5218 407 5342 Biissfi’
426 5218 578 5283 Benedicti,
604 5218 766 5272 columbani
791 5219 836 5271 vel
858 5223 1012 5272 ceterorum
1036 5222 1147 5286 patrum
1172 5220 1268 5287 regula
1293 5218 1429 5274 custodiri

304 5289 332 5343 vi
352 5294 420 5345 etur.
