3184 6800
243 1298 278 1351 18
455 1291 717 1361 1051551515
735 1291 965 1348 cOLUMsANI
983 1290 1092 1365 mm
1106 1290 1148 1348 II.

348 1475 416 1540 Hic
423 1482 499 1558 post
510 1476 629 1540 cladem
641 1474 860 1554 Tlocudeberti,
873 1474 897 1537 i.
909 1496 935 1538 e.
948 1495 979 1539 a.
993 1479 1067 1553 612,
1084 1494 1154 1539 cunr
1165 1473 1361 1539 Therrderico
1403 1469 1405 1476 ’

240 1564 421 1647 Bripontio
454 1566 531 1629 urbs
564 1563 712 1644 cessisset,
751 1563 864 1628 relicta
902 1563 1015 1628 Gallia
1053 1561 1297 1644 Germaniaque
1328 1563 1360 1628 in

242 1653 376 1718 Italiam
399 1652 562 1734 inpressas
585 1659 661 1718 erat.
708 1651 787 1718 055555
810 1652 1069 1717 Alamannorum
1091 1657 1178 1715 terra
1202 1650 1234 1715 ei
1257 1651 1362 1733 displi-

242 1748 331 1822 ceret,
342 1741 452 1822 primo
463 1740 668 1807 Winidorum
682 1742 731 1805 ael
743 1740 929 1806 Sclaoorum
943 1742 1026 1820 fines
1037 1739 1128 1805 adire
1139 1739 1360 1821 copilaoerat1,

242 1837 277 1895 555
298 1830 496 1912 eoanpelimu
511 1830 717 1911 praedicaret
738 1829 884 1910 maurane
906 1828 1052 1893 ueritatis
1073 1828 1260 1893 errantibus
1282 1849 1384 1896 mon-s

241 1925 366 1999 straret,
397 1920 453 1983 sed
479 1918 601 1983 risione
630 1924 807 1998 comniotus,
836 1918 951 1982 iterum
979 1918 1025 1981 ad
1053 1917 1187 1981 Italiam
1220 1916 1362 1983 animum

242 2013 445 2087 conuerterat,
484 2014 719 2090 expectansqne,
759 2009 855 2071 donec
888 2006 997 2071 aditus
1024 2012 1160 2089 pateret,
1196 2005 1362 2071 cmrsilium

241 2098 325 2178 quod
353 2103 477 2178 ceperat
504 2096 571 2160 iam
600 2102 744 2161 executus
772 2102 828 2160 est.
873 2096 918 2159 ln
948 2116 1080 2177 repnum
1106 2092 1213 2175 pontis
1239 2095 1361 2177 Lanpo

242 2186 414 2250 bardorum
435 2185 613 2267 inpressum
636 2205 705 2248 eum
721 2183 889 2266 Apilulfus
911 2204 968 2248 rea
991 2204 1056 2248 non
1073 2182 1174 2247 solum
1189 2183 1362 2263 honorifice

241 2273 364 2355 recepit,
388 2272 561 2338 sedetiam
584 2273 708 2353 optione
734 2272 850 2351 affecit,
881 2293 1071 2354 quocumque
1099 2271 1136 2335 in
1159 2272 1227 2337 loco
1257 2271 1392 2352 soluite

241 2360 331 2426 intra
347 2362 467 2426 Italiae
487 2364 569 2442 fines
589 2361 766 2426 habitandi.
807 2362 892 2426 Erat
907 2360 1032 2443 quidem
1048 2381 1105 2424 ren
1119 2359 1197 2439 fidei
1214 2360 1361 2426 Arianae

242 2450 397 2532 addictus,
421 2450 478 2515 etsi
501 2450 606 2529 filium
623 2450 851 2515 Adalwaldum
869 2449 1008 2515 instante
1027 2447 1253 2514 Tleudelindo
1267 2470 1361 2514 maore

241 2559 326 2603 more
353 2538 505 2604 catholico
528 2538 687 2619 baptisari
709 2545 911 2604 consenserat
920 2540 940 2599 ².
987 2536 1178 2617 Mediolani,
1211 2537 1269 2603 nbi
1293 2544 1360 2603 tunc

181 2629 183 2632 ’
241 2626 406 2708 residebat,
437 2628 533 2692 etiam
560 2627 774 2692 Columbanus
793 2627 902 2709 primo
925 2626 1071 2706 constitit,
1102 2632 1138 2690 nt
1158 2626 1360 2692 adversarios

174 2759 180 2771 ·
216 2715 318 2795 fidei
348 2716 518 2781 catholicae
546 2716 757 2799 impnpnaret,
789 2716 922 2781 *scilieet
951 2721 981 2779 et
1006 2713 1152 2779 Arianos
1178 2714 1390 2794 haereticosc

241 2812 352 2870 contra
385 2826 462 2887 quos
491 2805 630 2871 libellum
665 2804 805 2882 ‘florenti
838 2803 982 2870 scientia’
1017 2802 1117 2868 edidit
1126 2804 1147 2883 ⁸,
1182 2809 1215 2867 ct
1242 2824 1360 2885 papan

240 2914 354 2974 ipsum.

348 2983 400 3047 De
434 2983 638 3048 damnatione
672 2982 769 3047 trium
804 2982 1024 3065 capitulorum,
1059 2979 1178 3046 scilicet
1211 2981 1360 3062 epistulae

242 3072 324 3136 lboe
346 3072 482 3153 episcopi
497 3071 652 3136 Edesseni
670 3073 715 3135 ad
729 3070 856 3135 Marim
871 3071 1006 3136 Persam
1029 3069 1173 3151 scriptae,
1203 3070 1361 3137 Theodori

242 3159 378 3240 episcopi
393 3160 610 3240 Mopsuesteni
628 3181 698 3224 cum
715 3159 846 3243 scriptis
863 3159 941 3239 eius,
959 3158 1153 3240 scriptorum
1173 3158 1389 3225 Theodoretiu

242 3247 378 3330 episcopi
399 3248 557 3329 Oprensis,
581 3248 618 3312 in
639 3248 712 3329 ipsa
735 3247 864 3313 ecclesia
888 3247 1043 3313 catholica
1064 3245 1205 3312 schisma
1223 3254 1359 3313 enortnm

243 3342 322 3401 erat.
367 3336 515 3402 Instante
537 3336 724 3402 Iustiniana
746 3337 937 3421 imperatore
959 3343 990 3402 et
1009 3335 1048 3401 in
1069 3336 1188 3419 synodo
1210 3334 1360 3403 Constan-

243 3424 454 3507 tinopolitano
473 3427 508 3490 V.
534 3449 565 3490 a.
582 3433 657 3490 553.
681 3433 711 3490 55
732 3449 753 3490 a
776 3425 896 3509 Vipilio
909 3447 998 3508 papa
1013 3425 1073 3490 illo
1088 3428 1247 3491 damnata
1262 3432 1358 3505 eram,

243 3512 314 3577 licet
337 3520 479 3578 auctores
501 3535 609 3579 eorum
625 3536 687 3596 per
709 3515 878 3580 concilium
899 3514 1154 3580 Chalcedonense
1177 3535 1209 3579 a.
1228 3519 1305 3578 451.
1328 3515 1360 3579 in

241 3602 403 3666 ecclesiam
418 3603 533 3683 recepti
548 3609 658 3668 essent.
697 3603 848 3668 Attamen
864 3624 933 3668 cum
952 3604 1126 3686 complures
1141 3601 1264 3668 Italiae
1279 3625 1360 3686 supe·
1373 3627 1393 3668 a,

241 3690 342 3754 rioris
353 3691 595 3756 ecclesiae⁴tnm
606 3691 970 3774 monimeAquileienses
981 3691 1077 3757 leuius
1088 3688 1218 3756 concilii
1230 3691 1362 3757 anctori-

242 3785 337 3842 tatem
359 3779 508 3843 imminui
531 3801 597 3843 non
614 3781 707 3860 passi
730 3780 932 3845 damnationi
955 3801 1019 3845 non
1043 3787 1271 3845 conseruerunt
1293 3787 1323 3846 et
1342 3803 1360 3845 a

243 3867 459 3932 communione
482 3868 704 3933 damnantium
730 3891 763 3934 sc
792 3869 1015 3934 abstinuerunt
1024 3870 1046 3931 ⁵.
1097 3865 1177 3933 Oum
1207 3874 1302 3934 tanta
1330 3890 1360 3934 eo

243 3956 414 4021 certamine
436 3956 580 4036 confusio
602 3957 638 4022 in
661 3958 823 4022 ecclesiam
845 3957 997 4023 Italicam
1019 3955 1208 4038 irrepsisset,
1233 3964 1270 4023 nt
1290 3964 1361 4024 ntra

240 4066 319 4127 pars
341 4045 487 4128 elipcnda
508 4053 586 4121 essct
614 4046 706 4111 multi
734 4046 931 4129 ipnorarent,
959 4044 1134 4127 Greporius
1156 4044 1208 4108 M.
1233 4045 1390 4111 summisi

242 4133 364 4200 uiribus
386 4136 546 4215 laborans,
570 4143 605 4200 ut
626 4137 817 4200 abstinentes
837 4137 882 4200 ad
895 4134 1143 4200 communionem
1158 4135 1360 4218 compelleret,

248 4222 467 4289 Constantium
503 4224 679 4306 episcopum
718 4223 991 4289 Mediolanensem
1030 4245 1060 4287 a.
1093 4226 1169 4286 593.
1208 4222 1361 4306 oblipasse

241 4311 374 4391 videtur,
398 4319 433 4375 555
454 4312 544 4391 facta
567 4313 711 4377 cantione
734 4312 937 4377 damnationi
953 4310 1151 4391 consentiret,
1176 4331 1248 4375 cmm
1262 4311 1360 4377 subito

242 4404 307 4461 tres
340 4398 540 4479 suffrapanei
574 4420 643 4463 cnm
677 4400 752 4483 ipsa
778 4401 1001 4466 Tleudelindo
1036 4398 1150 4482 repina
1184 4400 1226 4464 ab
1260 4399 1361 4482 ipsim

243 4486 457 4550 communione
494 4489 720 4552 recesserunt⁶.
780 4489 967 4555 Auctoritas
1004 4487 1151 4554 ecclesiae
1189 4489 1392 4554 catholicaes

244 4573 303 4638 lcac
332 4573 528 4638 dissensione
561 4574 608 4639 ita
636 4576 784 4641 imminnt
785 4599 806 4642 a
836 4584 895 4657 est,
930 4575 1185 4643 utOonstantio
1215 4577 1361 4657 defuncto

243 4662 515 4743 Lanpobardipr
469 4663 637 4743 proprium
656 4665 862 4730 candidatum
877 4585 1041 4732 Ariannm
1065 4689 1096 4730 a.
1114 4670 1189 4727 600
1213 4665 1362 4747 elicerent

243 4751 289 4814 sol
291 4770 366 4831 oque
406 4750 555 4833 Greporii
591 4752 768 4818 interuentu
806 4776 828 4818 a
865 4753 1162 4820 Mediolanensibus
1198 4753 1363 4820 catholicis

245 4975 271 5043 1)
286 4978 315 5030 V.
327 4977 442 5030 Oolumb.
454 4977 477 5041 I,
488 4979 530 5030 27,
588 4979 672 5045 2.)0]’
686 4980 765 5046 0559,
778 4996 818 5048 ep
832 4997 857 5033 a.
868 4983 919 5036 603
932 4979 1027 5046 (Jattl
1040 4981 1105 5048 1559.
1119 4978 1232 5042 1925),
1229 4981 1361 5046 ·,Paulus

243 5046 281 5100 H.
300 5046 417 5112 5555955,
434 5015 484 5111 IV,
497 5051 540 5102 27.
612 5049 639 5117 3)
659 5051 688 5104 V.
709 5051 825 5105 05555555
843 5053 866 5118 Ι,
880 5055 922 5106 30.
995 5051 1023 5121 4)
1043 5051 1086 5115 cf.
1106 4983 1251 5116 Harnaclc,
1268 5053 1363 5106 ‘Dalm
1376 5063 1395 5104 u

245 5117 311 5167 55555
323 5119 371 5168 der
384 5119 594 5184 05955555595555.2
606 5121 647 5183 ΙΙ,
660 5121 737 5176 3992
811 5124 838 5187 5)
849 5124 986 5188 5259955555
997 5138 1178 5190 episcoporum
1190 5122 1364 5176 Istricnsr'um

242 5190 445 5254 prouinciarum
466 5205 491 5243 a.
510 5193 572 5256 591,
598 5193 725 5258 05595555·
740 5192 779 5246 Μ.
797 5193 913 5259 Rapistr
932 5194 956 5258 Ι,
978 5211 1007 5261 p
1028 5196 1069 5248 18
1151 5194 1179 5256 6)
1201 5193 1281 5261 0559.
1301 5195 1366 5262 sep.

244 5258 296 5324 IV
308 5260 407 5321 2-4
425 5259 764 5325 Jafftn1273-12752.
