3184 6800
551 2146 905 2232 PRAEFATIO.

279 2317 383 2398 Jouas
407 2333 506 2398 abbas
534 2332 571 2397 de
598 2330 712 2396 litteris
734 2329 993 2415 lapioqrapbicis
1015 2329 1160 2396 ecclesiae
1188 2329 1288 2396 Galli·

167 2443 271 2488 cauae
305 2420 418 2503 optime
450 2419 582 2486 meritus
614 2419 652 2484 iu
686 2420 884 2486 celeberrimo
913 2419 1105 2484 mouasterio
1133 2417 1289 2485 Bobieusi

166 2532 235 2575 uou
259 2511 359 2576 solum
381 2511 509 2591 requlae
526 2509 762 2592 praeceptisque
786 2508 959 2574 couditoris
981 2515 1055 2574 tuuc
1077 2507 1202 2589 mortui,
1233 2509 1289 2574 sed
1386 2582 1391 2594 ⁴

125 2668 128 2674 ,
167 2600 266 2665 etiam
288 2598 433 2681 operibus
455 2598 606 2679 classicis,
636 2598 731 2663 oeluti
754 2597 840 2679 Liui,
871 2599 1043 2678 studuerat,
1074 2596 1165 2663 cuius
1187 2597 1287 2663 locum

167 2689 327 2769 quemdam
356 2709 373 2752 e
402 2687 495 2753 libris
524 2686 694 2770 deperditis
723 2687 938 2770 depromptum
968 2687 1053 2750 solus
1082 2686 1228 2767 seruauit,
1259 2692 1289 2751 et

167 2777 246 2843 licet
263 2783 332 2842 arte
355 2777 483 2841 omuiuo
506 2776 654 2856 caruerit,
684 2775 789 2859 ipsum
819 2782 924 2840 tameu
952 2774 1130 2840 studiorum
1159 2773 1287 2839 illorum
1349 2789 1351 2796 ’

167 2865 304 2947 oestiqia
334 2866 490 2931 uouuulla
519 2871 548 2930 et
576 2864 744 2930 retinuisse
767 2870 796 2930 et
818 2863 957 2947 posteris
979 2863 1150 2929 tradidisse
1172 2863 1287 2947 ueqari

165 2954 278 3037 'aequit
300 2960 391 3037 atque
413 2953 565 3038 imprimis
595 2953 669 3020 Vita
697 2953 893 3036 Columbaui,
924 2953 1085 3036 adquam
1108 2973 1287 3035 compoueu·

167 3045 245 3109 dam
268 3043 445 3126 plurimum
475 3064 586 3127 operae
615 3049 644 3108 et
673 3042 857 3126 diliqeutiae
886 3043 1053 3109 contulisse
1075 3042 1207 3123 uidetur,
1237 3063 1286 3108 ea·

167 3133 304 3214 emplum
326 3132 522 3214 factumest,
546 3134 630 3215 quod
650 3152 841 3198 successores
862 3131 1075 3197 imitaremur.
1116 3132 1205 3197 Sicut
1233 3131 1286 3197 Co·

169 3221 319 3286 lumbauo
342 3223 418 3286 duce
435 3221 531 3287 Scotti
554 3221 762 3303 discipulique
777 3241 884 3286 eorum
900 3221 1061 3287 ecclesiam
1081 3220 1287 3286 Gallicanam

159 3309 307 3392 primum
318 3309 847 3396 reuocauerunt,Auqlosauouibus
858 3310 943 3374 uiam
952 3309 1287 3393 sterueutes,aquibus

161 3406 274 3481 postea
304 3399 545 3483 expellebantur,
579 3401 627 3465 ito
656 3399 712 3482 qui
741 3420 792 3465 res
821 3401 861 3466 ab
892 3399 938 3465 eis
965 3406 1069 3483 pestus
1100 3398 1286 3481 conscripsit

164 3495 278 3555 auctor
310 3490 384 3555 item
411 3490 613 3573 pereqriuus,
649 3490 754 3555 Italus
788 3489 915 3571 scilicet,
950 3491 1066 3555 clerum
1100 3488 1285 3570 iudiqeuam

163 3578 256 3643 illius
285 3578 356 3644 aeoi
385 3581 430 3645 aol
456 3579 540 3645 citas
569 3579 787 3661 miraculaque
818 3578 1043 3645 couscribeuda
1066 3578 1160 3661 quusi
1182 3577 1284 3657 iufor·

163 3667 266 3733 mavit
287 3667 375 3750 eique
398 3668 576 3734 litterarum
596 3668 707 3752 peueri
730 3690 821 3734 suum
844 3668 970 3751 siquum
992 3668 1160 3751 impressit,
1185 3689 1284 3750 quare

163 3777 228 3839 quo
250 3756 286 3821 iu
306 3756 463 3822 codicibus
485 3758 649 3823 uouuullis
671 3759 847 3840 appellatus
869 3764 914 3823 est
931 3756 1147 3840 praeceptoris
1169 3778 1283 3824 uomeu

164 3845 274 3927 aliquo
307 3848 397 3911 modo
431 3847 560 3927 defeudi
591 3852 699 3930 potest.
750 3848 864 3929 Itaque
897 3848 981 3911 oitae
1014 3847 1083 3912 eius
1110 3867 1172 3929 per
1206 3848 1285 3912 duos

165 3933 364 4017 Scriptorum
393 3955 501 4000 rerum
530 3935 827 4019 Merooiuqicarum
857 3942 952 4000 tomos
986 3935 1090 4001 adbuc
1124 3935 1285 4017 dispersae

164 4022 284 4104 diquae
306 4023 392 4089 oisae
410 4030 492 4106 suut,
516 4046 596 4107 quoe
614 4045 753 4090 seorsum
771 4027 946 4105 edereutur,
971 4046 1040 4090 cum
1059 4024 1198 4105 reliquae
1218 4031 1284 4089 tum

164 4111 303 4177 mouime
331 4112 517 4179 Columbaui
544 4114 603 4179 illo
628 4114 838 4180 celeberrima.
884 4115 988 4195 Atque
1016 4113 1054 4177 iu
1083 4113 1167 4178 baua
1189 4134 1284 4195 proe-

164 4200 256 4283 cipue
279 4223 405 4284 operam
426 4202 623 4286 studiumque
648 4202 798 4288 impeudi,
830 4202 1021 4269 occasiouem
1044 4202 1234 4268 emeudaudi
1256 4209 1285 4268 et

163 4290 333 4373 suppleudi
361 4297 481 4374 uactus,
513 4291 714 4373 omuibusque
744 4293 800 4374 qui
831 4292 898 4358 uoti
926 4298 1001 4358 suut
1030 4291 1187 4358 codicibus
1215 4291 1283 4357 iam

163 4378 366 4461 euamiuatis,
390 4386 419 4445 et
439 4380 635 4463 prooemium
659 4381 756 4446 latius
778 4381 915 4447 accrevit
936 4388 966 4447 et
987 4387 1161 4463 apparatus
1187 4381 1283 4446 multo

163 4467 302 4549 ampliu·
330 4469 472 4535 redditus
501 4477 554 4535 est.
600 4471 625 4534 Ι
626 4469 663 4535 lli
692 4491 777 4535 uuuc
801 4471 920 4536 codices
948 4470 1033 4535 illati
1062 4476 1136 4535 suut
1158 4469 1284 4536 circiter

168 4554 285 4638 CXX,
316 4558 372 4639 qui
393 4559 430 4623 iu
452 4558 587 4624 editioue
603 4559 716 4641 priore
737 4560 869 4639 fueraut
894 4559 980 4642 XL;
1008 4558 1081 4624 brcic
1105 4560 1283 4640 permultae

162 4644 311 4711 lectioues
339 4653 536 4713 accesserunt
565 4655 595 4713 et
627 4647 781 4713 librorum
814 4648 882 4714 iam
911 4650 1029 4714 dudum
1058 4647 1281 4730 adhibitorum,

161 4755 243 4817 quos
265 4756 349 4801 uuuc
365 4736 495 4819 pleuius
518 4736 671 4820 suscripsi
693 4759 787 4820 quom
807 4744 911 4820 autea,
936 4744 964 4803 et
982 4758 1133 4803 nmmum
1152 4737 1280 4819 aliquot,

161 4823 278 4906 quibus
301 4826 345 4889 ad
366 4831 482 4891 mutum
503 4828 726 4893 receuseudum
748 4829 853 4893 adbuc
882 4848 958 4893 ocsus
981 4848 1047 4892 uou
1070 4848 1166 4892 eram.
1214 4828 1283 4892 Nec

161 4912 304 4995 amplius
326 4914 455 4980 abortae
469 4913 642 4981 Bobieuses
664 4915 700 4981 iu
723 4917 816 4982 rebus
835 4915 931 4999 qestis
953 4915 1165 4982 describeudis
1184 4916 1280 4997 ueqle·

158 5004 286 5086 peudae
303 5009 404 5084 eraut,
420 5009 588 5086 postqmm
603 5004 680 5086 fidei
700 5004 844 5087 ipsarum
862 5004 1003 5087 lusiquis
1018 5004 1134 5070 oiudea
1150 5004 1280 5069 iuterim

159 5091 313 5157 surrepit.
360 5092 435 5158 Vita
454 5093 600 5158 Vedostis
617 5094 740 5159 auctori
759 5115 815 5159 suo
833 5095 978 5160 restituta
996 5096 1034 5159 de
1052 5094 1117 5158 loco
1133 5093 1281 5175 baptismi

165 5179 377 5247 Ublodooeolci
398 5182 699 5247 oebemeutissimam
727 5183 971 5260 coutroversiam
1003 5182 1168 5266 iutulerat,
1193 5183 1281 5247 data-

158 5291 221 5355 que
245 5269 416 5353 occosioue,
441 5293 478 5337 ea
496 5292 576 5353 quae
595 5278 668 5338 aute
686 5273 742 5337 los
760 5293 864 5338 auuos
881 5271 941 5338 bac
959 5274 997 5338 de
1014 5292 1049 5338 re
1068 5271 1281 5338 disserueram
