3184 6800
355 1322 481 1393 IONAS‚
494 1321 617 1391 VITAE
635 1322 990 1405 COLUMBANI.JI.³IBR1.
1008 1323 1053 1391 IL
1227 1332 1271 1397 19,

136 1506 254 1576 alectus
279 1504 457 1570 Densdedit
485 1504 648 1588 episcopus
677 1504 884 1576 ordinaretur
893 1507 915 1569 1.
960 1507 1052 1572 Inter
1081 1508 1262 1587 defensores

138 1594 239 1658 trium
276 1594 486 1675 capitulorum
522 1595 744 1676 sparpelratury
767 1594 957 1666 'haereticos
994 1595 1066 1660 illas
1103 1596 1260 1678 antiquos,

137 1682 260 1748 scilicet
274 1682 450 1765 Eutychen,
468 1682 661 1764 Nestorium,
678 1682 878 1763 Dioscoron,
902 1706 924 1749 a
947 1683 1065 1766 Vipilio
1087 1683 1125 1748 in
1142 1687 1262 1767 spnodo
1340 1752 1342 1755 Α

138 1791 238 1851 quam
268 1770 338 1834 dini
371 1770 726 1852 Constantinopolitano
759 1778 896 1853 receptos
929 1793 1004 1837 esse.
1052 1772 1128 1837 Sedi
1161 1772 1262 1855 ipitur

96 1884 115 1924 s
137 1859 332 1942 apostolicae
354 1858 446 1924 tuitio
468 1859 698 1932 haereticorum
720 1858 936 1942 imputabatur
958 1882 1074 1943 eorum,
1104 1861 1161 1943 qui
1183 1883 1262 1927 ana·

137 1947 272 2013 themati
308 1947 487 2013 subiciendi
522 1947 687 2027 fuessent
728 1948 941 2014 Oolnmhanus
975 1949 1110 2024 Italiam
1148 1950 1262 2023 adiens

129 2058 241 2117 paene
262 2036 300 2101 in
321 2036 434 2120 prima
463 2036 610 2119 inpressu
639 2036 754 2111 litteris
776 2036 966 2102 admonitus·
979 2044 1056 2119 mat,
1086 2044 1123 2102 ut
1137 2060 1261 2120 popum

137 2131 263 2190 caneret
289 2124 327 2190 in
357 2124 502 2191 Nestorii
535 2131 651 2190 sectam
685 2126 865 2207 collapsum.
922 2127 1013 2207 Quod
1043 2132 1079 2191 ut
1109 2126 1261 2193 edomitus

130 2213 244 2295 primo
266 2212 396 2278 minime
419 2212 563 2294 medrdit,
593 2213 642 2278 ita
663 2234 699 2278 re
721 2214 903 2279 accuratius
926 2214 1127 2280 considerato
1148 2222 1266 2298 postea.

88 2328 115 2367 co
135 2302 303 2367 ceritatem
332 2301 517 2385 dilipentius
545 2302 713 2385 explorare
735 2302 897 2367 constituit
919 2323 1161 2385 responsumque
1183 2325 1262 2369 com·

130 2411 262 2474 ponens
278 2412 387 2473 papae
409 2391 454 2455 ad
475 2391 674 2474 relependnm
694 2412 732 2456 ac
747 2392 990 2457 concertandum
1004 2391 1100 2457 misit.
1146 2392 1261 2458 Omnes

137 2478 226 2543 enim
255 2479 375 2544 Hiberi
405 2480 506 2543 solam
535 2478 749 2562 eoanpellcam
778 2486 808 2544 et
840 2480 1043 2562 apostolicam
1081 2480 1260 2545 doctrinam

138 2566 306 2632 admittere
320 2566 384 2633 sihi
398 2566 588 2632 uidebantur
603 2575 695 2649 atque
709 2568 747 2632 in
762 2589 796 2633 co
812 2568 943 2633 multum
955 2568 1095 2652 ploriari
1110 2570 1258 2651 solebant,

137 2656 264 2720 nullum
293 2656 493 2739 haereticum,
522 2656 646 2720 nullum
675 2656 845 2738 Iudaeum,
877 2657 999 2721 nullum
1027 2657 1260 2722 schismaticum

88 2745 226 2811 winter
248 2762 280 2810 se
308 2744 419 2825 fuisse,
449 2747 505 2809 sed
532 2746 627 2825 fidem
656 2744 852 2826 catholicam,
884 2744 965 2810 sicut
986 2747 1026 2810 ah
1050 2746 1260 2827 apostolorum

93 2837 97 2848 '
136 2833 370 2898 successorihus
399 2833 520 2898 tradita
549 2838 635 2915 esset,
670 2834 718 2899 ita
747 2836 787 2898 ab
816 2832 898 2915 ipsis
926 2840 962 2897 nt
990 2833 1080 2898 Petri
1109 2840 1138 2898 et
1160 2834 1260 2898 Pauli

137 2920 308 3003 discipulis
337 2920 558 2987 inconcussam
588 2921 696 2987 teneri.
750 2922 923 2987 Praeterea
951 2943 1009 2986 rea
1037 2921 1104 3004 ipse
1133 2922 1260 3004 Lampo·

137 3011 313 3075 bardorum
341 3032 409 3076 nna
439 3032 506 3075 cum
537 3010 652 3093 repina
687 3009 914 3075 Galumlonum
944 3016 1120 3093 ropaoerat,
1153 3016 1188 3074 nt
1217 3011 1262 3075 ad

129 3120 260 3182 papam
283 3120 413 3163 cansam
436 3099 582 3181 deferret,
605 3105 641 3163 nt
655 3098 794 3163 schisma
809 3099 968 3164 tolleretur
985 3105 1107 3181 totaque
1130 3098 1259 3165 ecclesio

88 3216 117 3256 so
137 3187 296 3254 catholica
329 3209 425 3269 mam
459 3186 619 3254 celerrime
653 3186 689 3251 in
722 3209 821 3251 unum
856 3193 1022 3270 caperetur.
1076 3187 1260 3270 Apilulfnm

94 3286 97 3291 ’
117 3291 119 3295 ’
136 3276 278 3355 fortasse
301 3276 446 3342 diutinae
468 3275 647 3341 discordiae
670 3277 813 3341 taedebat
832 3282 888 3340 out
906 3278 1058 3356 adsidam
1074 3274 1259 3341 catholicam

136 3364 208 3441 iam
235 3364 427 3447 propensior
455 3366 561 3445 factus
595 3371 673 3446 erat,
706 3371 876 3447 postauam
909 3363 1066 3430 haeresim
1095 3363 1259 3430 Arianam

136 3475 229 3535 repes
257 3455 544 3537 Lanpabardorum
573 3474 608 3518 eo
636 3474 733 3535 usque
762 3456 992 3534 ftrnraoerunt;
1025 3453 1145 3518 discisso
1174 3453 1259 3518 enim

136 3543 254 3624 fertur,
278 3542 308 3608 si
330 3549 448 3608 certum
471 3542 573 3624 sciret,
597 3563 630 3607 se
650 3548 679 3606 et
696 3541 802 3623 ipsum
817 3542 1008 3607 crediturum
1024 3563 1098 3607 csse.
1139 3541 1259 3607 Galum-

88 3659 117 3699 ss
138 3633 244 3696 banus
266 3631 459 3714 mercurinus
481 3631 549 3696 iam
571 3629 783 3710 Bonifatium
806 3652 929 3714 papam
952 3630 1086 3712 epistula
1116 3631 1193 3695 dota
1222 3630 1260 3694 in

93 3724 97 3731 '
138 3741 234 3785 arma
257 3720 412 3785 suscitare
441 3721 625 3800 conahatur,
656 3725 692 3783 nt
720 3719 877 3802 oipilaret,
909 3718 995 3783 omni
1017 3718 1195 3802 postposita
1216 3740 1259 3783 se·

138 3807 284 3890 caritate,
312 3829 501 3890 causamque
523 3807 704 3874 schismatis
726 3808 847 3872 cultello
871 3803 905 3870 S.
929 3807 1029 3888 Petri,
1059 3807 1097 3872 id
1118 3813 1162 3872 est
1185 3828 1260 3871 vera

137 3897 177 3962 in
199 3899 319 3980 spnodo
342 3896 420 3977 fidei
444 3896 656 3979 professione,
686 3895 790 3961 incidi
820 3896 926 3960 uoluit.
973 3896 1050 3980 Ipse
1072 3896 1156 3961 enim
1179 3901 1260 3960 totns

139 3987 186 4050 ad
208 3991 338 4069 partem
369 3987 536 4050 adversam
566 3985 741 4050 transierat
769 4006 879 4066 eosque
908 3984 1054 4049 laudauit
1075 3984 1130 4065 qui
1153 4005 1260 4065 papae

88 4102 120 4142 so
139 4073 323 4139 resisterent
350 4095 448 4156 neque
478 4095 547 4139 cum
576 4072 648 4158 ipso
684 4074 952 4138 communicarent
980 4072 1142 4152 iuniores,·
1175 4071 1261 4150 filios

94 4160 98 4175 ¹
139 4162 308 4228 contendit·
328 4161 366 4227 in
395 4168 492 4246 caput
520 4181 684 4227 conversas
713 4183 787 4242 esse,
818 4161 848 4226 si
878 4183 954 4225 aera
983 4166 1085 4224 essent
1113 4181 1151 4225 ea
1181 4180 1261 4240 puae

137 4252 356 4333 culparentur,
375 4273 498 4334 papam
521 4257 626 4315 autem
647 4250 684 4314 in
708 4252 852 4316 caudam.
888 4250 934 4313 Ei
956 4249 1109 4314 maiorem
1127 4247 1260 4312 auctori·

139 4345 236 4404 tatem
268 4339 434 4413 oindr'core
468 4340 578 4420 noluit,
615 4338 816 4422 dissentiente
850 4359 882 4403 se
911 4338 1000 4419 ipsa·
1037 4358 1128 4402 snam
1158 4344 1262 4414 autem

139 4426 323 4510 opinionem
352 4429 453 4493 solam
482 4427 610 4492 ceritati
640 4430 828 4509 respondere
861 4425 1094 4508 imperterritus
1123 4425 1262 4507 satisque

89 4543 119 4586 ss
138 4516 342 4598 importunus
364 4519 579 4582 demonstrare
601 4515 780 4581 nitebatur:
803 4516 882 4580 Non
904 4516 1005 4593 enim,
1030 4514 1144 4597 inquit,
1169 4516 1262 4597 apud

94 4675 103 4698 ζ
138 4626 204 4670 nos
227 4626 383 4691 persons,
407 4608 467 4671 sed
490 4606 580 4669 ratio
603 4605 707 4669 valet.

250 4711 349 4776 Hanc
372 4710 537 4794 epistulam
553 4709 737 4774 Mediolani
753 4709 910 4790 annisque
927 4705 1006 4790 6l2s
1008 4717 1038 4772 3.
1055 4709 1262 4790 conscriptam

139 4821 207 4864 esse
225 4802 344 4880 patet²,
369 4821 438 4865 cum
463 4800 550 4882 apud
571 4799 754 4880 Apilnlfhcm
777 4820 881 4881 repom
908 4804 1035 4863 sanctus
1066 4799 1260 4862 versabatur.

89 5031 95 5045 ¹
140 5012 156 5064 1
190 5007 713 5074 arep.au.X1,c;Jaffln.1rss².
785 5009 813 5073 2)
835 5006 900 5060 ΜΘ.
919 5007 971 5072 Ep.
989 5006 1044 5068 III,
1059 5023 1088 5072 p.
1103 5007 1162 5072 172,
1181 5007 1199 5059 l.
1213 5009 1260 5060 30:

88 5097 118 5137 ιο
227 5079 427 5132 conturbantur
437 5081 541 5148 gentes,
559 5078 726 5131 inclinantur
737 5095 830 5146 regna,
846 5093 914 5143 qrcac
929 5077 1007 5128 ruho
1023 5079 1059 5128 ad
1074 5093 1118 5129 res
1132 5094 1159 5128 a.
1172 5077 1263 5142 slsts.

138 5156 231 5216 postas
255 5151 399 5215 referenda
425 5166 478 5202 esse
498 5152 639 5217 perspcnit
666 5150 697 5203 G.
716 5149 818 5214 Horret,
840 5137 922 5199 ‘Uber
940 5149 985 5199 des
1003 5148 1028 5202 h.
1042 5147 1265 5200 Columhochen

138 5222 200 5274 und
216 5221 364 5288 Schriften,
391 5222 531 5274 besonders
556 5222 622 5272 dher·
639 5222 710 5272 scine
727 5218 917 5284 Klosterrcpel’
936 5219 1038 5284 (Illpm
1062 5220 1119 5270 nnd
1137 5219 1265 5284 Ntcdner,

139 5292 313 5358 ‘Zeitschrift
331 5295 382 5357 far
400 5293 443 5344 die
461 5293 557 5350 histor
574 5291 731 5357 Theolopr'c'‚
752 5292 854 5344 Gothos
874 5293 952 5355 1875,
966 5306 996 5356 p.
1010 5292 1183 5356 ssa-454).

1050 5377 1083 5433 2*
