3184 6800
479 1329 604 1395 IONAS‚
615 1329 712 1384 VITA
725 1327 913 1384 VEDASTIS
932 1327 1114 1384 EPISOOPI.
1303 1331 1357 1384 303

235 1511 471 1596 optatissimam
494 1511 579 1577 dedit
600 1510 762 1576 3333333333
785 1516 956 1591 temporam
982 1509 1179 1590 admittendi,
1210 1531 1270 1591 333
1297 1511 1357 1576 Ta-

236 1600 330 1665 33333
345 1601 461 1665 Remos
478 1621 536 1664 rer
547 1600 716 1684 proficisci
729 1599 893 1681 potuisset,
916 1601 1000 1663 marie
1014 1598 1166 1680 inprimis
1180 1598 1355 1680 33333333,

236 1696 345 1754 atram
368 1689 416 1753 ita
435 1711 504 1754 cum
525 1689 627 1753 codice
650 1689 822 1770 dependam,
846 1710 892 1753 33
914 1689 1070 1772 permisit
1093 1709 1164 1752 cam
1186 1687 1358 1752 editoribus

237 1777 456 1844 anterioribus
478 1777 696 1842 comiciemdmm
718 1776 769 1841 sit.
816 1778 892 1857 Ipse
914 1777 969 1857 333
990 1776 1118 1857 primus
1141 1777 1298 1861 promisit
1320 1776 1357 1841 33

189 1892 215 1932 ⁵
237 1873 356 1932 tertam
386 1866 516 1930 admisit
543 1866 644 1930 editor
670 1864 860 1929 3333333333
889 1865 1052 1945 dubitavit,
1083 1887 1128 1930 33
1152 1864 1259 1946 potius
1286 1887 1358 1950 per·

238 1957 336 2020 misit
366 1977 434 2020 cum
457 1955 600 2020 Frebero
629 1954 830 2019 3333333333
858 1960 945 2035 33333,
975 1976 1037 2038 pro
1063 1974 1124 2034 pro
1154 1976 1215 2038 per
1245 1951 1284 2035 (e.
1306 1976 1356 2035 pr.

238 2047 482 2129 prosecutione
513 2043 575 2127 bis)
611 2043 706 2108 etiam
739 2042 820 2107 abibi
853 2044 892 2107 ab
927 2045 1031 2107 eodem
1060 2042 1194 2107 librario
1219 2042 1358 2123 positam

238 2154 305 2198 esse
328 2138 409 2197 recte
430 2154 561 2197 mamm
570 2133 592 2196 1.
630 2133 734 2197 Porro
750 2133 833 2212 qaod
854 2153 912 2196 rea
936 2129 1099 2212 ‘promisit’
1113 2131 1151 2196 id
1163 2138 1221 2196 333
1234 2131 1359 2196 servari

239 2227 297 2286 333
318 2243 385 2286 333
407 2221 531 2287 serrari
554 2227 691 2305 poterat,
721 2220 852 2302 3333333
874 2219 1035 2304 promisso
1058 2220 1127 2284 3333
1155 2241 1207 2285 res
1228 2220 1358 2285 333333

189 2337 222 2378 »ο
239 2310 348 2375 decisa
371 2317 454 2392 erat,
427 2317 458 2374 t·
492 2309 563 2409 3333
587 2333 629 2375 33
631 2317 690 2374 333
710 2309 905 2408 promissam
933 2308 985 2373 bic
1015 2315 1156 2389 expectet
1136 2309 1240 2374 3333
1269 2309 1359 2388 facta

238 2398 395 2481 33333333
397 2405 449 2463 tar
471 2399 557 2481 bap
543 2420 598 2464 333
599 2398 681 2498 33333
703 2397 789 2496 repis
811 2397 964 2479 triumphi
987 2418 1059 2462 moa
1081 2397 1264 2480 3333333333
1286 2419 1359 2463 333-

238 2494 367 2551 meramt
354 2487 431 2552 tar?
476 2489 522 2552 At
510 2487 691 2569 333333333
720 2487 789 2550 sime
818 2486 912 2551 dubio
941 2507 1060 2569 333333
1089 2507 1129 2551 eoo
1155 2494 1251 2567 parte
1283 2486 1359 2551 iride

234 2578 363 2660 pendet
379 2583 485 2641 atram
501 2578 659 2662 promisit
674 2597 744 2641 cmm
760 2575 878 2674 3333333
890 2582 1050 2656 3333333
1050 2575 1110 2640 icis
1125 2575 1360 2640 conciliandam

238 2665 281 2730 sit
304 2686 424 2730 33333.
470 2665 662 2730 3333333333
689 2667 814 2729 Traube
840 2663 893 2728 oir
915 2663 1113 2729 doctissimas
1142 2663 1273 2728 33333333
1303 2684 1359 2728 sao

189 2779 222 2822 33
238 2776 287 2818 33
312 2760 466 2834 petentem
492 2753 607 2818 iteram
637 2753 869 2833 officiosissime
898 2752 1014 2818 imam
1043 2753 1080 2817 id
1107 2752 1235 2833 3333333
1268 2759 1360 2834 33333

239 2843 402 2907 tectionem
425 2845 581 2927 permisis
605 2843 714 2923 333333
737 2841 964 2906 admittendam
991 2863 1055 2906 3333
1084 2848 1176 2906 ratas
1198 2848 1251 2921 333,
1281 2841 1360 2922 3333

240 2930 298 2995 ‘me
323 2931 455 3012 baptiro'
474 2953 536 3013 pro
561 2930 723 3013 ‘baptizor’
746 2930 812 2995 dici
834 2931 987 3011 33333333.
1039 2930 1162 2995 033333
1184 2929 1284 3012 333333
1311 2929 1359 2994 33-

239 3020 371 3084 teriores
405 3021 544 3102 33333333
575 3019 804 3101 prammaticae
841 3021 963 3084 obstare
998 3019 1154 3100 33333333,
1192 3018 1360 3100 33333333

239 3110 284 3173 tec
286 3108 330 3173 33
286 3111 512 3194 tpromisib
534 3115 684 3173 servetmr.

189 3221 223 3266 ιο
350 3196 439 3262 Sim
468 3198 567 3263 mora'
596 3220 638 3261 33
640 3204 699 3262 tem
727 3197 957 3262 0333333333
986 3217 1044 3262 rea
1067 3195 1173 3261 Nicet
1149 3203 1192 3260 tro
1222 3202 1296 3261 teste
1327 3217 1360 3260 33

240 3285 407 3369 baptizare
437 3285 593 3401 permisit,
621 3292 792 3369 posquam
828 3284 968 3350 ί3333333
1001 3287 1046 3350 ad
1078 3285 1186 3350 333333
1215 3284 1361 3350 Martini

239 3375 358 3441 333333
392 3374 521 3457 33333333,
556 3375 696 3440 Taranis
728 3375 855 3457 33333333,
890 3396 988 3476 33333
1016 3374 1175 3457 promisi,
1154 3374 1246 3440 tid
1278 3375 1362 3457 3333

233 3464 423 3547 promittere
456 3427 522 3529 3333
548 3471 684 3546 poterat,
720 3467 860 3546 3333333
889 3465 919 3529 si
949 3465 1019 3529 3333
1046 3486 1138 3529 mora
1165 3464 1360 3546 promissam

239 3559 327 3633 33333,
357 3552 413 3617 cic
438 3553 605 3635 33333333
632 3554 744 3635 33333
772 3553 920 3619 3333333
948 3554 1001 3618 ias
1001 3560 1055 3618 tar
1001 3552 1244 3618 3333333333
1272 3561 1359 3618 33333.

189 3670 223 3711 m
244 3641 387 3706 Taromis
409 3642 438 3705 si
455 3659 558 3724 33333
573 3642 777 3707 Francorum
792 3643 985 3723 3333333333
1000 3664 1065 3707 3333
1079 3642 1238 3723 statueris,
1255 3664 1362 3707 33333

240 3752 332 3812 3333
350 3730 525 3812 03333333
540 3731 676 3796 tradidit
690 3737 764 3795 496.
778 3753 815 3812 p.
834 3731 912 3796 0133.
929 3731 1151 3811 difficultatem
1166 3732 1267 3812 babet,
1284 3753 1361 3796 333

241 3841 272 3883 3.
291 3825 367 3883 507.
392 3821 514 3884 demam
537 3820 672 3883 Alarico
696 3820 813 3885 deoicto
835 3821 913 3883 3333
934 3819 994 3884 3333
1016 3819 1053 3883 33
1077 3818 1231 3883 dicionem
1254 3819 1360 3883 Frao-

241 3930 350 3974 coram
372 3910 502 3973 redacta
527 3915 587 3987 est;
611 3914 781 3990 praeterea
810 3908 882 3973 33333
902 3908 1087 3972 Remeasem
1115 3909 1224 3971 arbem
1252 3913 1362 3973 aactor

241 3998 297 4061 3333
319 3996 450 4061 333333
472 3996 693 4078 nominaverit,
717 4004 823 4062 33333
846 4018 884 4061 ec
906 3996 1091 4062 auctoritate
1105 4017 1200 4077 33333
1216 3995 1362 4077 33333333

189 4085 386 4167 abepiscopo
416 4085 591 4166 baptizanti
621 4092 668 4150 att
643 4085 767 4151 ttribmit
795 4087 904 4150 eadem
933 4083 1077 4150 33333333
1104 4090 1237 4165 pottera,
1267 4105 1361 4166 prae·

243 4173 353 4239 sertim
376 4196 445 4239 cam
468 4174 643 4239 33333333
665 4196 743 4240 3333
744 4181 810 4238 333
832 4180 918 4255 esset,
942 4195 983 4238 m
1003 4173 1041 4238 33
1064 4172 1215 4239 dioeceses
1237 4172 1362 4238 3333333

243 4262 408 4344 episcopas
429 4262 603 4327 imaeret.
651 4264 715 4328 Sed
743 4264 804 4329 3333
826 4266 864 4328 de
893 4284 928 4327 re
951 4269 1072 4344 poseo
1123 4261 1212 4326 03333
1241 4268 1364 4326 coastat

250 4351 389 4433 Wisipot
377 4351 459 4415 tbico
489 4352 548 4416 3333
548 4372 566 4414 0
595 4352 688 4431 33333
659 4352 779 4417 30333
780 4352 966 4417 3333333333
995 4372 1098 4433 repom
1130 4353 1238 4415 arbem
1265 4351 1362 4415 Tmo

243 4462 373 4505 333333
395 4462 514 4521 33333
537 4462 606 4505 cam
621 4441 828 4506 sollemnitate
848 4442 1027 4521 impressam
1042 4462 1107 4505 3333
1122 4441 1200 4505 etS.
1218 4440 1363 4505 Marem

197 4527 406 4598 aecclesiam
435 4528 585 4609 33333333,
616 4531 706 4594 33333
735 4530 784 4594 rei
812 4530 850 4594 33
873 4530 956 4594 calce
982 4528 1088 4610 operis
1109 4528 1161 4594 333
1188 4528 1363 4610 03333333

243 4618 360 4681 iterum
382 4617 554 4698 3333333,4
585 4624 677 4699 atque
699 4640 737 4683 33
763 4618 837 4699 ipsa
860 4617 1022 4683 occasioae
1044 4639 1147 4701 33333
1170 4618 1363 4700 baptizatam

244 4728 310 4771 3333
333 4705 409 4769 3333
437 4705 641 4771 3333333333.
688 4707 744 4771 Ad
771 4708 828 4772 boc
856 4706 1121 4772 Cbbodooecbit
1094 4713 1156 4771 rter
1182 4708 1363 4771 Taromease

245 4794 369 4859 Nicetii
384 4795 484 4876 episto
451 4796 550 4859 3333
566 4796 771 4877 03333333335
785 4802 860 4860 arcte
877 4817 926 4859 me
940 4795 1009 4860 iam
1023 4797 1196 4876 rettulerat,
1175 4796 1363 4860 tordimm

243 4904 352 4948 reram
375 4884 415 4947 33
438 4890 564 4948 auctore
588 4887 808 4965 perturbatam
830 4906 896 4949 3333
918 4891 1067 4965 statueres,
1098 4885 1240 4965 3333333
1262 4883 1364 4965 ipsias

195 5057 227 5096 43
246 5039 273 5109 1)
293 5041 406 5090 Notarii
422 5056 517 5106 33333
534 5040 705 5093 Francorum
722 5056 773 5108 per
786 5057 839 5106 per
856 5046 948 5091 notam
965 5040 1158 5106 exprimebant,
1176 5057 1244 5108 3333
1261 5056 1312 5107 pro
1330 5041 1365 5092 ab

244 5113 380 5177 imperitis
396 5112 478 5174 facile
492 5112 627 5177 33333333
639 5118 752 5177 poterat,
771 5113 836 5162 dum
848 5112 896 5163 hoc
910 5111 1087 5178 perscribunt.
1154 5115 1181 5175 2)
1192 5112 1312 5164 Cometa
1323 5113 1363 5165 ed.

243 5182 375 5233 Maaesen
393 5181 418 5247 Ι,
432 5199 462 5248 p.
476 5184 520 5237 78.
574 5185 601 5247 3)
614 5183 702 5249 0333,
716 5182 754 5237 H.
767 5182 817 5236 Fr.
829 5182 870 5246 ΙΙ,
882 5185 926 5237 38.
980 5183 1009 5250 4)
1024 5183 1103 5249 Grep.
1116 5181 1152 5236 H.
1165 5182 1215 5234 Fr.
1228 5183 1319 5249 ΙΙ,31,
1332 5183 1365 5234 de

243 5253 354 5305 [Asinio
372 5256 490 5320 episcopo
511 5253 677 5305 Turonensis
702 5251 802 5317 Huius,
826 5256 923 5319 inquit,
946 5256 1071 5319 tempore
1089 5251 1296 5306 chlodovechus
1314 5270 1365 5306 rex

243 5324 336 5377 victor
354 5322 389 5375 de
408 5323 490 5376 caede
505 5322 658 5376 Gothorum
671 5323 798 5376 Turonas
816 5322 906 5379 rediit.
969 5326 997 5389 5)
1018 5326 1078 5379 Ae.
1097 5324 1145 5378 SS,
1166 5325 1218 5380 033.
1236 5325 1261 5391 Ι,
1278 5343 1307 5393 p.
1319 5328 1363 5380 333.
