3184 6800
400 1017 524 1086 101118,
539 1016 632 1073 VITA
650 1017 840 1074 IOHANNIS
858 1019 1032 1078 ABBATIS.
1223 1027 1276 1079 323

134 1199 249 1265 habet
270 1198 309 1264 in
332 1198 468 1264 historia
491 1199 783 1265 administrationis
798 1201 965 1266 Romanae
981 1201 1089 1267 minus
1107 1209 1273 1284 versatum,

135 1310 254 1371 neque
278 1289 317 1352 de
340 1288 502 1353 oonsntari
524 1290 659 1369 quodam
681 1290 908 1371 andunensis
923 1290 1052 1372 primae
1074 1290 1275 1374 eoqitandum

135 1377 282 1442 uidetur
315 1398 388 1458 esse,
423 1398 493 1441 eum
527 1377 664 1442 nonsatis
697 1378 794 1458 ittius,
830 1378 921 1443 ouius
950 1386 1083 1461 tempore
1112 1381 1276 1446 Iohannes

137 1465 320 1530 Iohannis
349 1465 504 1549 baptistae
531 1466 582 1530 die
611 1466 690 1545 festo
720 1467 884 1549 euanqetio
913 1468 1093 1532 admonitus
1120 1469 1275 1534 desertum

97 1577 119 1616 5
138 1554 297 1635 adiisset,
323 1554 483 1618 Iohannis
505 1575 619 1619 nomen
636 1562 811 1637 suspectum
830 1556 873 1620 sit
888 1577 950 1637 per
968 1578 1009 1621 se.
1049 1557 1152 1638 Atque
1170 1558 1275 1623 saneti

139 1651 245 1708 aetas
268 1664 303 1708 eo
326 1649 469 1725 tempore,
500 1663 560 1724 quo
589 1664 628 1708 ea
650 1643 823 1708 Lerinensi
852 1644 961 1709 insuta
989 1645 1026 1709 in
1049 1646 1273 1711 monasterium

139 1754 248 1797 snum
279 1731 384 1812 rediit,
417 1753 487 1796 oum
517 1753 592 1796 aeoo
627 1732 776 1814 Greqorii
805 1733 1022 1815 Linqonensis
1051 1735 1189 1818 episcopi
1220 1735 1275 1800 ω’τι

140 1840 309 1903 aepreque
339 1820 506 1886 oonoitiari
529 1827 639 1901 potest.
688 1821 713 1884 I
715 1822 791 1885 itum
820 1822 906 1886 enim
936 1844 961 1887 a.
992 1845 1023 1887 a.
1048 1830 1123 1887 424.
1153 1830 1273 1905 natum,

141 1931 223 1974 ωιτη
248 1909 301 1973 hio
323 1909 425 1973 sedem
448 1909 651 1990 episcopatem
674 1912 806 1990 adeptus
834 1917 887 1991 est,
919 1912 1152 1993 ootoqenorium
1174 1913 1275 1992 fnisse

92 2019 125 2058 ιο
142 2004 319 2080 oporteret,
336 1996 365 2062 si
381 1998 482 2062 Ionae
498 1998 637 2063 autentus
653 2005 827 2080 constaret,
844 2000 972 2081 reputas
987 2007 1092 2064 autem
1106 2001 1274 2066 discendae

142 2086 315 2169 cupiditas
342 2085 398 2150 oin
420 2087 507 2151 uttra
536 2087 780 2152 adulescentiam
806 2088 959 2171 propredi
981 2088 1149 2170 permittit.
1196 2090 1275 2155 Sine

142 2174 250 2240 dnbio
288 2174 370 2239 insto
407 2174 563 2240 seniorem
601 2176 793 2258 bioqraphus
827 2183 970 2241 sanetum
1006 2178 1134 2259 fecerat,
1174 2200 1274 2260 neque

141 2264 275 2329 mirum
297 2269 349 2343 est,
374 2265 530 2344 quadres
552 2285 632 2329 saeo.
656 2265 692 2328 V.
714 2271 819 2346 qestae
842 2265 995 2330 memoria
1017 2266 1178 2331 hominnm
1201 2270 1273 2332 duo-

111 2415 115 2420 .
142 2355 207 2418 bns
234 2351 370 2416 saeculis
386 2359 460 2434 post
481 2352 652 2417 oioentium
675 2353 803 2418 omnino
826 2354 1018 2419 exciderant.
1057 2356 1092 2418 E
1112 2355 1273 2420 contrario

94 2459 125 2499 ss
141 2441 286 2519 fabulae
309 2448 518 2522 aeoreoerant,
543 2463 640 2523 eaque
662 2463 742 2522 qnae
765 2444 803 2507 de
819 2449 915 2524 puteo
935 2443 1025 2507 intra
1047 2444 1272 2508 monasterium

142 2532 211 2595 sito
244 2531 460 2594 enarrabatur
483 2529 525 2610 (e.
545 2532 592 2613 2),
623 2537 658 2593 nt
687 2537 732 2594 est
760 2533 910 2612 absurda,
941 2532 989 2596 ita
1020 2532 1179 2611 fratribus
1208 2554 1273 2598 non

142 2622 233 2685 adeo
265 2617 392 2683 inutilis
421 2625 507 2683 erat:
540 2619 607 2683 iam
637 2619 720 2683 enim
751 2640 854 2700 aquae
882 2621 958 2685 inde
987 2621 1120 2686 haustae
1155 2621 1272 2686 miram

141 2706 298 2773 sanandi
327 2707 390 2770 oim
420 2707 623 2772 attribuentes
653 2729 691 2772 ea
719 2708 852 2773 miseria
881 2708 1018 2774 atiornm
1048 2710 1138 2775 tnora
1166 2711 1272 2790 faeere

135 2801 301 2878 poterant
321 2795 469 2860 monaehi
493 2793 534 2874 (a.
554 2796 621 2878 17).

93 2917 123 2960 ιο
263 2902 400 2967 Sanetus
422 2901 503 2966 oitia
525 2904 633 2967 eadem
656 2902 801 2985 evitabat,
825 2905 977 2968 adomsas
995 2926 1075 2985 quae
1097 2904 1273 2971 Cassianus

143 2991 381 3073 disputaverat,
408 2990 591 3073 abbatisque
606 2992 705 3057 Isaao
720 2994 891 3073 eaempium
907 2999 972 3056 tam
986 3000 1112 3058 strenue
1130 2994 1273 3060 imitatus
1321 3053 1324 3057 ,

142 3081 280 3145 uidetur
313 3100 386 3160 esse,
425 3086 460 3144 nt
497 3079 687 3146 Cottationes
720 3083 766 3146 ad
796 3084 923 3146 uerbum
961 3081 1102 3164 ospitare
1134 3083 1274 3165 potnerit

144 3168 347 3250 bioqraphus
371 3166 506 3251 (a.18),·
535 3169 621 3233 breoi
643 3176 746 3234 autem
776 3170 878 3252 spatio
906 3177 936 3235 et
963 3171 1000 3236 in
1028 3172 1143 3236 itinere
1174 3172 1273 3238 oitam

144 3255 333 3322 elaboranti
355 3257 479 3322 auotori
503 3259 547 3321 ad
568 3257 756 3338 aequitatem
779 3259 897 3325 iudicis
912 3280 1088 3341 prooooare
1112 3261 1192 3325 ticet.

96 3376 124 3419 2⁵
267 3362 395 3429 Codices
417 3365 454 3429 V.
472 3364 632 3429 Iohannis
657 3365 873 3448 primiqeniae
903 3368 964 3431 duo
994 3371 1117 3432 tautum
1140 3374 1272 3433 aetatem

145 3454 312 3518 tuterunt:

262 3536 338 3625 Al)
376 3541 479 3607 Codes
502 3541 769 3607 Parisiensis
803 3564 835 3607 η.
863 3548 979 3624 11748,
1014 3565 1053 3607 ea
1087 3544 1271 3611 bibliotheca

147 3632 183 3696 S.
208 3630 326 3694 Mauri
348 3631 551 3696 Fossatensis
582 3627 630 3708 (n.
652 3633 710 3715 38)
734 3631 772 3696 in
801 3632 1028 3696 monasterinm
1052 3634 1085 3697 S.
1114 3632 1272 3698 Germani

146 3742 170 3784 a
187 3717 303 3783 Pratis
322 3717 370 3799 (n.
387 3725 462 3800 487,
487 3719 561 3783 otim
579 3743 611 3784 n.
631 3722 732 3804 1060)
752 3721 937 3801 translatus,
960 3721 1084 3800 formae
1101 3721 1269 3803 maximae,

100 3818 130 3861 ³0
148 3828 234 3885 saeo.
254 3806 297 3888 X,
328 3808 384 3887 fot.
404 3811 599 3873 151—154‘.
631 3810 668 3873 V.
685 3809 845 3874 Iohannis
867 3809 990 3874 eahibet
1010 3810 1164 3875 mutitam.
1210 3812 1272 3875 Est

149 3896 238 3961 enim
256 3902 285 3959 et
302 3896 368 3978 ipse
382 3897 591 3979 imperfectus,
616 3919 686 3963 ωιτη
700 3905 773 3982 post
787 3898 843 3977 fot.
864 3904 935 3963 151.
952 3920 1050 3962 unum
1066 3898 1268 3979 desideretur,

150 3991 181 4049 et
203 4005 243 4048 en
265 3983 446 4066 imperfecto
468 3986 641 4067 eaemptari
663 3986 846 4068 euseriptns,
871 3994 955 4051 tentu
977 4009 1002 4052 o.
1025 3994 1075 4051 18.
1099 3988 1136 4053 in
1163 3988 1270 4054 Vitam

151 4072 320 4154 Euqeniae
349 4081 539 4156 transeunte,
570 4075 683 4155 quibus
705 4077 743 4140 de
773 4075 879 4140 causis
902 4098 927 4141 e.
950 4083 1049 4141 1-4.
1077 4078 1157 4141 med.
1181 4077 1270 4157 finis·

152 4183 211 4243 qne
240 4160 315 4226 inde
344 4185 366 4226 a
395 4185 420 4227 e.
448 4169 498 4226 18.
521 4166 600 4228 med.
631 4164 824 4229 eaoidernnt.
877 4164 1049 4230 Praeterea
1078 4165 1160 4245 folia
1190 4188 1270 4247 qnae

109 4265 137 4308 ss
153 4252 272 4315 adsunt
282 4250 414 4331 pumice
421 4252 544 4334 partim
562 4252 609 4317 ita
627 4259 765 4318 tractata
783 4260 866 4334 sunt,
891 4260 925 4317 ut
940 4254 1160 4335 praefationis
1178 4256 1269 4320 tater-

152 4338 275 4420 outiqno
298 4340 436 4421 capitum
463 4362 581 4422 mapna
604 4362 687 4423 pars
717 4342 778 4424 teqi
808 4349 941 4422 nequeat
969 4349 997 4406 et
1025 4343 1062 4407 in
1092 4365 1117 4407 o.
1143 4350 1193 4408 14.
1210 4366 1268 4424 en,

154 4435 205 4491 15.
222 4427 268 4491 in.
292 4428 433 4507 frustata
455 4435 577 4494 tantum
601 4430 778 4495 litterarum
802 4437 988 4513 appareant.

258 4529 338 4618 Aa)
374 4534 478 4600 Uodea
508 4535 773 4602 Parisiensis
803 4560 835 4601 η.
860 4544 946 4601 5306
974 4535 1079 4616 (ouo.
1106 4543 1178 4615 775,
1208 4539 1268 4603 Ite-

148 4622 222 4705 qius
238 4624 352 4713 3V54)>
376 4623 499 4703 formae
521 4647 665 4707 maqnae,
690 4646 770 4690 saer.
789 4626 890 4707 XIV,
914 4626 970 4705 fot.
989 4632 1129 4707 65-67,
1153 4633 1269 4692 tentum

103 4737 131 4775 a
157 4711 250 4776 Vitae
273 4712 405 4795 pienum
428 4713 572 4795 eontinet,
597 4713 663 4778 nisi
686 4715 768 4793 quod
784 4714 911 4797 proloqi
934 4736 1002 4779 oum
1021 4716 1169 4779 taterouto
1185 4716 1267 4797 eapi-

148 4807 215 4865 tum
239 4800 471 4865 desiderantur.

257 4886 325 4953 *Ea
354 4907 434 4969 quae
466 4890 502 4954 in
525 4890 588 4955 Al
620 4896 728 4955 entant
756 4890 837 4955 satis
860 4898 1006 4956 aoourate
1035 4891 1155 4956 tradita
1183 4900 1265 4973 sunt,
1286 4924 1379 4975 «μω.

144 5000 247 5061 neque
271 4978 311 5041 ab
334 4998 368 5042 eo
391 4978 471 5042 tibro
495 4978 561 5043 nisi
583 5000 660 5043 raro
682 4979 805 5060 recessi,
830 5000 919 5060 quem
938 4980 1033 5045 etiam
1051 4980 1087 5044 in
1107 4981 1266 5063 orthoqra·

1056 5085 1106 5138 21*
