3184 6800
455 1301 582 1371 rores,
593 1301 715 1371 vrruu
733 1302 963 1357 oouuusserr
980 1302 1089 1358 muru
1107 1303 1147 1360 11.
1325 1309 1360 1373 er

238 1484 405 1567 ommositi
438 1483 569 1550 minime
602 1484 670 1549 noti
699 1491 781 1565 sunt,
816 1485 873 1550 sed
901 1491 1011 1551 eutard
1038 1484 1191 1568 epistulae
1219 1485 1362 1551 omnbius

239 1573 435 1639 hexametris
456 1575 504 1639 oel
523 1572 663 1639 Adoniis
684 1573 765 1638 satis
787 1573 946 1655 eleuanter
967 1573 1121 1653 eoriditae,
1144 1573 1258 1655 ouibus
1280 1574 1362 1640 anti·

239 1683 376 1744 quorum
396 1668 564 1744 poetarum
586 1662 735 1740 flosculos
757 1661 884 1744 passim
906 1661 1051 1726 intexuit.
1103 1662 1295 1727 Dootrinam
1324 1663 1362 1729 in

240 1751 285 1816 iis
319 1750 534 1817 Oolmnlanus
560 1752 732 1832 profitetur
760 1771 883 1834 semper
912 1752 1059 1831 eundern,
1094 1750 1213 1816 seiliaet
1241 1752 1362 1817 latente

208 1839 309 1905 suita
339 1840 424 1904 lune
451 1840 605 1905 muudum
635 1860 707 1904 eum
733 1838 889 1904 illecebris
917 1838 995 1919 suis,
1025 1838 1150 1905 delitiis
1179 1839 1363 1922 divitiisque

240 1927 341 1993 nihili
370 1927 602 1994 aestimandum
631 1948 697 1993 esse
707 1929 727 2008 ¹,
752 1934 940 2010 poetamque
965 1927 1093 1993 Fidelio
1122 1927 1224 2007 fratri
1251 1929 1363 1994 reseri-

241 2018 362 2082 tentem
384 2016 585 2099 venusque
607 2017 763 2081 ludentem
785 2018 831 2081 ad
844 2021 1016 2081 eutremam
1031 2015 1164 2082 creuisse
1178 2024 1363 2084 senectutem

240 2105 311 2170 iam
333 2103 414 2170 dmi.
461 2106 588 2170 Nouum
609 2106 694 2186 quod
714 2125 817 2185 nuper
837 2104 875 2169 in
895 2104 1058 2185 mollitum
1082 2104 1207 2186 prodiit
1234 2127 1363 2172 carmen

240 2214 329 2258 more
351 2193 547 2258 celeusmatis
569 2193 697 2274 antiqui
718 2193 767 2258 ita
789 2192 999 2276 compositum,
1022 2199 1057 2257 ut
1078 2194 1183 2258 eodem
1197 2195 1288 2259 niodo
1302 2216 1363 2278 quo

195 2307 223 2347 ιο
241 2289 362 2348 nautae
391 2283 437 2347 ad
464 2280 673 2347 resistendum
699 2281 852 2366 procellis
880 2281 1093 2363 imtritusque
1120 2303 1186 2347 sese
1215 2283 1363 2349 adhorta-

242 2373 363 2436 bantur
384 2377 415 2435 et
436 2370 608 2436 christiani
630 2372 694 2451 [lde
716 2372 815 2450 firma
837 2369 962 2436 diabolo
991 2371 1172 2436 resisterent
1200 2371 1364 2454 iusumque

241 2466 440 2540 superarent,
463 2459 569 2524 uiuida
592 2458 737 2525 certandi
766 2461 883 2525 ardore
911 2458 1064 2524 alietatum
1093 2466 1138 2524 est
1166 2462 1206 2524 at
1237 2461 1364 2527 lamine

236 2547 394 2628 pareatis
409 2547 521 2630 pelam
543 2554 675 2628 assueto,
700 2554 729 2613 et
751 2547 823 2614 lieet
844 2568 958 2613 norrun
973 2554 1086 2629 poetae
1101 2549 1236 2630 exeeptis
1251 2549 1364 2615 litteris

243 2636 356 2702 banus
378 2635 447 2701 iam
469 2635 643 2702 abscissum
666 2636 716 2716 sit,
740 2642 847 2702 tamen
869 2637 976 2701 nullus
1005 2636 1121 2716 dubito,
1152 2637 1231 2718 quin
1260 2637 1364 2702 idem²

202 2745 226 2786 u
242 2724 284 2790 sit
322 2724 380 2805 qui
417 2724 455 2789 in
492 2725 627 2807 epistula
664 2727 709 2790 ad
744 2724 956 2804 Bonifatium
993 2724 1161 2805 sempsit&
1198 2726 1362 2810 Vigilate,

243 2811 357 2896 inquit,
383 2815 465 2897 quia
487 2835 581 2878 mare
605 2814 834 2899 procellosum
858 2818 911 2879 est
935 2821 971 2878 et
993 2814 1111 2878 flabris
1142 2819 1364 2898 exasperatur

242 2902 428 2980 feralibus;
459 2903 538 2968 ideo
561 2904 672 2968 audeo
696 2903 840 2968 timidus
871 2905 978 2966 nauta
1009 2903 1174 2967 clamare:
1199 2903 1361 2987 Vigilate,

242 2993 324 3076 quia
356 3012 446 3074 aqua
479 2993 548 3056 iam
578 2993 724 3056 intravit
757 2993 795 3056 in
829 2992 993 3057 eeclesiae
1027 3013 1160 3068 navem,
1196 2995 1232 3057 et
1265 2994 1364 3057 navis

239 3081 472 3164 periclitatur.
529 3080 586 3144 Eu
623 3079 913 3145 conmemoratione
946 3078 1054 3144 Rleui
1087 3079 1224 3159 fortasse
1261 3081 1365 3147 oouioi

193 3166 313 3235 2⁰lioet
328 3189 446 3250 poema
469 3191 500 3234 a.
526 3176 600 3234 611.
625 3168 785 3234 eonditum
808 3189 883 3248 esse,
906 3188 967 3250 ouo
990 3188 1028 3233 eor
1054 3168 1245 3234 Theudoriai
1266 3190 1364 3251 roano

231 3257 392 3340 eupidsus
424 3258 546 3335 tlumen
578 3257 662 3322 illud
695 3257 907 3323 Oolumtauus
936 3256 1119 3338 nouiaatat.
1169 3256 1364 3323 Bellatorem

225 3366 310 3414 eum
340 3345 646 3412 uehementissimum
679 3345 781 3427 fuisse
815 3367 855 3411 eu
882 3345 1025 3428 epistulis
1054 3367 1135 3429 quas
1167 3366 1267 3428 supra
1290 3368 1363 3429 per·

220 3430 380 3503 lustrari
401 3434 602 3518 intelleyitnr.
655 3436 836 3501 Dolendum
864 3442 969 3500 autem
998 3441 1042 3499 est
1071 3456 1222 3517 maenam
1252 3457 1363 3501 earum

207 3530 365 3603 partem
387 3522 515 3589 iniuria
537 3530 708 3606 mineorum
724 3523 873 3606 periisse.
918 3525 975 3588 Ad
1001 3524 1192 3605 Greaorium
1214 3525 1267 3589 M.
1298 3547 1364 3590 non

212 3615 343 3680 solum
367 3631 447 3693 quae
469 3618 609 3693 superest
631 3612 759 3693 smr'rosit
781 3612 957 3693 epistulam,
981 3612 1018 3676 in
1040 3633 1105 3693 qua
1127 3612 1195 3678 eius
1219 3614 1363 3695 reyulum

199 3701 434 3781 pastoralem
456 3722 489 3766 se
512 3700 621 3783 leuisse
640 3701 797 3781 affirmat,
821 3700 986 3766 sedetiam
1002 3700 1130 3783 scripta,
1147 3701 1177 3766 si
1192 3701 1363 3784 bioaraplo

210 3790 460 3871 Germanou
482 3789 569 3855 aredi
591 3791 646 3869 fas
668 3795 721 3870 est,
746 3789 841 3870 dedit,
866 3788 956 3872 ‘quae
971 3792 1009 3855 de
1025 3789 1179 3872 oeruiyili
1196 3797 1363 3871 pastorum

209 3901 319 3946 cura
356 3876 489 3958 eliouit',
522 3879 628 3960 *atoue
662 3878 758 3943 etiam
785 3899 968 3960 responsum
997 3900 1106 3960 popae
1134 3878 1219 3943 idem
1252 3887 1364 3946 auotor
1382 3902 1416 3944 ·.
1451 3934 1457 3945 .

207 3964 354 4053 lenisse
376 3966 452 4032 oult.
490 3967 663 4032 Praeterea
685 3967 848 4048 eornplura
865 3967 968 4048 tunsus
990 3969 1028 4032 de
1044 3967 1198 4049 pasotme
1213 3968 1332 4050 serimu
1341 3970 1361 4049 ⁵,

211 4145 257 4212 1)
283 4139 450 4195 Columtoni
467 4142 592 4192 earmina
610 4141 648 4194 od.
667 4140 708 4195 W.
729 4141 880 4206 Gundlaele,
898 4141 963 4195 ΜΘ.
982 4141 1035 4207 Ep.
1054 4140 1110 4205 III,
1125 4158 1155 4207 p.
1171 4142 1223 4195 182
1231 4156 1296 4208 sqq,
1317 4143 1365 4208 qui

214 4216 265 4267 G.
281 4211 410 4265 Hertolii
419 4211 608 4263 dubitationem
621 4213 652 4263 de
665 4215 772 4263 auctore
785 4212 845 4264 teu
857 4213 987 4275 refellisse
999 4211 1069 4262 milri
1083 4212 1195 4276 uidetur,
1214 4211 1257 4266 ί111,
1271 4211 1363 4265 Arete!

207 4283 261 4338 -X
265 4284 304 4347 V,
320 4299 352 4350 p.
371 4283 487 4350 514sqq.
525 4283 680 4347 Arttfieium
700 4288 793 4348 poetae
818 4285 984 4334 examinarit
1008 4282 1151 4347 Manilius,
1174 4283 1227 4333 ‘Zu
1252 4286 1363 4349 speum

210 4352 414 4409 manuelis
443 4354 580 4405 De'elitern’
610 4354 805 4419 (minutiones
832 4354 962 4405 Museum’
989 4356 1067 4417 1889,
1095 4353 1202 4419 XLIV,
1229 4370 1259 4421 p.
1278 4357 1364 4417 552);

211 4424 344 4479 ‘Geren
372 4425 421 4475 der
445 4424 781 4477 atristlieh-lateiuisolun
805 4424 902 4477 Ponu’
921 4443 951 4493 p.
970 4428 1023 4479 390
1031 4441 1087 4492 sqq.
1194 4424 1223 4494 2)
1249 4425 1364 4478 Currum

211 4497 266 4553 E.
288 4496 446 4561 dernlm,
472 4495 518 4550 ‘N.
537 4496 630 4550 Arete!
650 4496 697 4563 VI,
717 4498 777 4562 191,
800 4498 927 4564 princeps
952 4498 1043 4562 edidit,
1070 4500 1117 4563 qui
1142 4497 1174 4547 de
1202 4497 1364 4549 columbano

211 4566 360 4637 quodam
383 4568 488 4619 tumore
512 4568 642 4633 ooodood,
667 4573 697 4619 ot
720 4582 821 4619 meum
838 4569 956 4619 mevenit
973 4567 1014 4621 W.
1035 4568 1186 4633 Guudlaelr,
1205 4568 1250 4622 (Ν.
1269 4569 1364 4623 Aret!

212 4638 263 4692 -X
269 4639 307 4703 V,
322 4639 385 4693 514.
440 4635 468 4705 3)
487 4638 553 4692 ΜΘ.
564 4639 617 4704 Ep.
630 4637 687 4700 ΙΙΙ,
702 4655 732 4704 p.
747 4640 807 4692 170.
861 4640 890 4704 4)
911 4638 1116 4704 VSolaheraoe
1133 4654 1154 4692 o.
1167 4641 1192 4692 3.
1247 4640 1275 4704 5)
1296 4639 1366 4705 Epi-

214 4710 343 4762 atulam
360 4708 513 4775 paschalem
525 4710 562 4760 ad
579 4708 751 4761 mumatilem
766 4724 870 4775 papam
888 4711 1020 4774 quendam
1037 4710 1138 4774 datam
1157 4725 1238 4775 quam
1256 4711 1364 4763 eeodioe

215 4780 396 4833 paemene
411 4795 438 4835 m,
453 4781 551 4834 16361.
571 4786 675 4831 aulam
692 4783 824 4832 sermonis
841 4782 945 4831 ratium
963 4781 1058 4832 tabita
1071 4780 1232 4832 Columbaria
1249 4781 1366 4831 attribuit

217 4858 244 4914 (
246 4851 299 4905 ι111.
314 4849 409 4903 Aret!
421 4849 458 4915 X,
470 4852 528 4914 88),
546 4853 658 4917 meisque
675 4854 840 4916 argumentis
854 4850 975 4901 seduotus
992 4851 1033 4905 W.
1048 4850 1188 4901 Gundlaolr
1204 4853 1275 4902 inter
1290 4851 1364 4903 illius

219 4924 346 4989 &eripio
371 4922 480 4972 admisit
504 4921 584 4986 (Mo.
597 4922 650 4989 Ep.
663 4921 720 4987 III,
734 4924 784 4977 177
794 4924 872 4987 aaa),
898 4937 928 4972 re
945 4924 1041 4974 iterum
1061 4937 1204 4989 perpema,
1228 4937 1287 4972 eum
1306 4921 1364 4973 See·

221 4990 331 5045 bassio
358 4991 509 5055 (morisim.
534 4994 558 5056 f.
583 4992 799 5058 Kiretieuaesolr!
817 4992 899 5058 XIV,
915 4995 964 5055 93)
991 4995 1046 5044 iam
1073 4995 1203 5044 eonserdio
1226 4993 1319 5058 potius
1346 5009 1364 5043 a

221 5067 370 5115 sedatam
387 5064 498 5114 Vrttarii
514 5065 684 5131 commositom
702 5077 763 5127 esse,
789 5065 885 5130 quippe
909 5066 958 5130 qui
981 5064 1186 5115 immolationem
1205 5065 1279 5128 uani,
1304 5065 1323 5116 i.
1342 5080 1364 5118 e.

224 5135 393 5199 passionem
409 5134 528 5198 Domini,
548 5140 609 5185 onte
626 5136 720 5185 lunam
732 5134 813 5187 XIV.
831 5134 937 5200 ideoque
954 5137 1172 5187 resurrectionem
1191 5139 1252 5184 onte
1270 5135 1364 5185 lunam

189 5205 198 5241 ὓ
229 5203 323 5257 XVI.
347 5220 403 5256 non
423 5220 524 5270 passus
548 5207 584 5257 sit
607 5206 746 5269 mlebrori,
771 5206 955 5256 austeritatem
979 5206 1050 5257 sodis
1073 5205 1234 5269 apostolieae
1251 5212 1363 5259 secutus.

235 5273 346 5327 Eadem
369 5281 486 5328 monente
504 5276 637 5328 Soubassio
654 5275 784 5342 (Heraea,
803 5274 1110 5343 ‘Boot-Eueylelopddie’
1123 5274 1176 5339 IV,
1190 5274 1271 5341 246³)
1294 5277 1365 5328 iuter
