3184 6800
422 1314 683 1385 mansuras
701 1315 929 1373 consanam
947 1313 1056 1372 susm
1073 1315 1113 1374 [Ι.
1293 1319 1328 1376 ss

192 1497 241 1562 in'
264 1518 332 1578 aaa
354 1497 457 1562 uteru
479 1497 668 1563 Gabmanus
690 1497 803 1563 ultima
825 1520 924 1564 aunis
946 1494 999 1564 est'
1013 1506 1124 1564 contra
1142 1495 1329 1566 Oolumbani

196 1593 332 1666 sectam,
356 1606 446 1667 quae,
471 1585 538 1651 ursi
555 1587 748 1652 commentar
762 1587 871 1669 fallar,
894 1588 1008 1652 uictori
1024 1588 1123 1669 cessit,
1147 1595 1219 1654 acta
1237 1590 1329 1654 nulla

198 1680 378 1756 ⁷supersunt
398 1695 497 1755 usaue
518 1674 686 1757 quisquam
715 1675 859 1740 meminit
881 1683 1013 1758 praeter
1034 1677 1152 1741 Ionam
1174 1684 1326 1743 nostmm.

206 1762 276 1845 Qui
295 1784 365 1828 cum
381 1762 482 1843 paulo
497 1769 571 1844 past
586 1764 764 1828 lunarium
782 1765 949 1830 aduenisse
965 1765 1120 1846 uideatur,
1143 1760 1329 1831 memamam

203 1872 320 1917 earum
343 1872 450 1916 rerum
465 1851 635 1917 etiamtunc
649 1860 802 1917 recentem
817 1860 998 1935 reppererat
1011 1854 1165 1935 martiane
1180 1854 1329 1919 Eustasii

206 1938 253 2019 (a.
272 1942 354 2023 629)
378 1940 515 2019 fortasse
536 1940 605 2024 ipse
626 1941 828 2022 interfuerat,
853 1962 923 2007 cum
938 1942 1090 2024 pluribus
1106 1964 1176 2007 cam
1194 1943 1328 2024 descrip

208 2028 295 2094 serit.
331 2028 478 2110 Denique
493 2031 537 2094 ad
549 2029 682 2095 uirtutes
696 2029 732 2094 in
747 2029 938 2096 manasterio
953 2030 1164 2096 Euariacensi
1175 2038 1330 2115 patratas

206 2123 421 2198 transeamus,
444 2119 490 2182 ad
509 2139 591 2200 anas
613 2119 755 2183 lectorem
773 2125 885 2183 auctor
907 2117 977 2200 (H,
997 2119 1032 2201 7)
1055 2119 1107 2184 bis
1126 2120 1230 2185 verbis
1252 2121 1329 2184 dele·

208 2212 357 2286 parerat:
381 2207 424 2270 In
447 2228 515 2290 qua
539 2203 620 2287 (scil.
639 2207 847 2290 monasteria)
871 2214 1021 2291 quantae
1039 2209 1185 2274 viantes
1209 2213 1330 2293 postes

189 2296 325 2361 stactae
354 2296 496 2372 fuerint,
528 2296 557 2360 si
587 2297 660 2360 viba
690 2317 803 2361 comes
833 2298 950 2372 fuerit,
984 2299 1144 2381 prosequi
1172 2299 1327 2362 nitimur.

207 2385 293 2450 Sunt
315 2383 386 2464 ipsa
409 2390 481 2448 teste
504 2384 607 2466 upna,
639 2405 719 2466 quae
746 2386 791 2449 ad
813 2385 1027 2450 eabartandas
1048 2385 1097 2450 ael
1119 2386 1330 2451 consolandas

204 2472 352 2554 cirpines
366 2472 527 2537 Daunus
542 2475 758 2538 demonstrare
773 2472 924 2555 dipnatus
940 2480 993 2555 est,
1012 2473 1165 2556 inprimis
1182 2474 1328 2555 amaus,

199 2582 289 2644 quas
319 2560 461 2643 cirpines
488 2560 527 2625 in
556 2560 703 2626 extremis
725 2562 852 2644 positae
880 2561 998 2627 uidisse
1026 2562 1090 2627 sibi
1116 2562 1203 2627 meae
1225 2569 1328 2643 erant,

197 2649 376 2715 iuuenibus
396 2649 525 2730 ipsaque
543 2656 683 2715 creatore
698 2650 936 2732 apparentibus,
959 2651 1056 2715 caelis
1072 2651 1199 2732 apertis,
1224 2651 1329 2715 claris

194 2736 364 2822 anpclicis
386 2738 515 2819 auditis,
538 2759 635 2820 caque
658 2759 738 2820 qnae
753 2745 828 2821 past
849 2745 979 2804 nrartem
1000 2739 1038 2803 in
1060 2739 1180 2803 cellulis
1202 2739 1329 2818 defune-

194 2835 316 2892 tarsun
354 2827 402 2891 ael
438 2826 475 2891 in
512 2826 641 2892 ecclesia
676 2829 839 2893 obseruata
876 2833 959 2908 sunt,
998 2827 1146 2892 aderitus
1178 2827 1330 2892 suavibus

194 2917 411 2996 balsamaque
444 2916 654 2980 redolentibus
688 2915 940 2998 *luminibusque
970 2915 1059 2980 aisis.
1110 2917 1201 2981 Haec
1231 2915 1329 2981 mira·
1347 2938 1423 2987 uss.

193 3005 280 3071 aula
315 3025 355 3068 ea
388 3025 484 3085 anam
521 3006 609 3085 apud
644 3003 785 3087 cirpines
819 3004 1049 3070 Eaariacenses
1083 3005 1330 3086 deprehenderat

190 3099 310 3158 mente
338 3112 460 3173 parum
494 3113 577 3158 sana
609 3093 710 3158 Ionas
743 3093 984 3176 dilipentissime
1017 3093 1132 3158 litteris
1164 3091 1331 3158 mandarit

190 3182 336 3264 ipseque
355 3180 570 3263 obiurpatiani
587 3202 694 3246 earum
711 3181 778 3245 iarn
796 3185 986 3262 accurrebat,
1010 3182 1066 3262 aui
1088 3204 1159 3247 eum
1182 3183 1243 3246 ‘res
1264 3202 1330 3246 nan

193 3269 410 3336 necessarias
432 3269 611 3351 compilare'
633 3270 845 3335 iudicareutl.
896 3272 985 3336 Certe
1014 3272 1091 3336 baec
1119 3270 1224 3353 aperis
1246 3291 1330 3352 pars

192 3359 360 3440 infimum
388 3358 487 3425 locum
517 3359 640 3441 obtinet,
671 3358 730 3424 etsi
759 3381 876 3442 nepare
904 3361 985 3441 nala,
1016 3381 1055 3426 ea
1083 3380 1164 3442 auae
1193 3361 1231 3426 de
1258 3381 1328 3442 usu,

195 3448 284 3528 sita,
305 3447 447 3513 maribus
461 3447 622 3530 airpinum
637 3448 674 3512 in
688 3449 880 3514 manasterio
896 3449 1072 3531 depentium
1087 3449 1174 3514 testas
1188 3449 1330 3513 oculatus

200 3537 319 3602 attulit
338 3537 427 3601 baud
442 3536 542 3618 parci
563 3536 711 3602 momenti
732 3558 797 3601 esse
815 3538 860 3601 ad
881 3539 1125 3619 capnosoendum
1146 3538 1236 3602 illius
1258 3537 1330 3603 aeri

202 3646 275 3691 nan
298 3627 398 3690 solnm
419 3625 669 3707 ecclesiasticum,
693 3628 749 3691 sed
769 3625 865 3690 etiam
879 3625 1065 3691 intestinum
1080 3647 1186 3691 rerum
1202 3632 1327 3691 statum.

321 3733 415 3813 Sane,
445 3753 485 3796 ne
512 3732 635 3798 auctari
656 3731 816 3796 iniuriam
838 3732 1027 3813 inferamus,
1056 3735 1247 3798 monendum
1275 3737 1328 3812 est,

206 3821 295 3886 ritas
317 3827 498 3887 sanctornm
520 3842 555 3885 ea
577 3827 700 3885 tantum
724 3820 855 3886 consilio
885 3822 925 3886 ab
954 3820 1024 3902 ipsa
1046 3820 1232 3904 compositas
1254 3842 1328 3901 esse,

207 3916 245 3975 ut
267 3911 419 3991 quarrada
442 3931 463 3973 a
480 3909 701 3974 vetustioribus
719 3909 969 3992 bapioprapbis²
986 3909 1167 3991 priscorum
1190 3910 1330 3991 exempla

208 3998 373 4063 imitanda
387 3998 456 4063 suis
470 3997 659 4080 temporibus
676 3998 836 4080 praestita
851 4004 960 4078 essent,
979 3998 1026 4063 ita
1042 3998 1108 4079 ipse
1123 3996 1330 4062 recentiorum

212 4093 241 4153 et
268 4086 368 4152 ailam
397 4087 589 4151 laudabilem
618 4093 648 4152 et
674 4086 834 4152 miracula
856 4085 1037 4167 posteritati
1066 4087 1111 4150 ad
1138 4084 1331 4149 imitandum

197 4182 406 4258 proponeret.
450 4174 625 4240 Consilium
647 4174 747 4257 ipitur
764 4174 999 4240 adbartatiaum
1015 4179 1199 4255 persecutus
1220 4179 1267 4237 est
1288 4175 1333 4237 ad

200 4263 386 4345 profectum
402 4264 615 4346 perfectarum
632 4263 939 4344 emendationemque
956 4261 1214 4343 delinquentium.
1252 4261 1331 4326 (lum

212 4352 373 4417 miracula
384 4353 541 4417 nonnulla
552 4352 742 4435 eranpelicis
757 4351 923 4417 simillima
937 4351 1130 4417 Oalumbana
1141 4350 1330 4431 attribrrerit,

214 4440 367 4523 canapis
380 4440 518 4521 fortasse
531 4447 712 4525 peccatores
727 4441 865 4522 exempla
879 4439 1028 4524 mapistri
1045 4440 1090 4505 ad
1105 4439 1332 4522 perfectionem

214 4528 350 4595 incitare
372 4529 435 4594 sibi
456 4528 631 4595 uidebatur.

320 4635 490 4701 Historiae
519 4637 722 4701 Francorum
752 4636 855 4700 Ionas
883 4642 919 4699 ut
949 4641 1019 4700 ercd
1045 4635 1238 4717 perepm'nus
1267 4656 1332 4699 non

216 4727 292 4789 adea
325 4746 444 4808 mapna
472 4724 595 4806 peritia
620 4725 821 4810 praestabat.
884 4722 1111 4788 Galnnrbanum
1144 4723 1238 4803 enim,
1276 4722 1333 4803 aui

216 4812 360 4879 mcesima
382 4834 470 4879 anna
493 4810 552 4892 (=
569 4819 644 4877 610.
658 4835 694 4894 p.
715 4812 810 4894 aar.)
834 4814 988 4877 desertum
1010 4811 1129 4893 Vasapi
1151 4810 1331 4892 reliquerat,

217 4922 249 4965 ea
278 4900 444 4967 carnisse
473 4901 584 4967 statuit
613 4900 769 4983 Sipiberto
798 4907 959 4982 repnente,
995 4900 1047 4965 cui
1075 4902 1137 4964 drea
1170 4920 1270 4981 repna
1304 4904 1333 4963 et

218 4989 461 5055 Austrasiarum
483 4995 513 5055 et
533 4990 805 5071 Burpundionum
829 4989 1013 5070 attribuit³,·
1041 5010 1076 5053 eo
1105 4994 1209 5052 antau
1237 4986 1332 5051 inter·

219 5077 295 5156 fecta
328 5077 366 5143 in
399 5085 565 5160 utrumque
594 5100 726 5161 repnum
753 5077 989 5144 Obildebertum
1017 5076 1120 5156 filium
1150 5073 1333 5141 successisse

223 5278 245 5344 a
263 5280 291 5333 r.
311 5279 426 5333 aalma.
444 5280 542 5346 11,1a.
614 5280 643 5345 2)
661 5278 785 5344 Ia.1,1.
858 5281 886 5344 s)
907 5278 950 5332 a.
968 5278 1031 5343 aa.
