3184 6800
419 1319 544 1387 IONAS,
556 1318 680 1373 VITAE
699 1318 928 1374 OOLUMBANI
945 1318 1053 1373 LIBRI
1070 1318 1110 1375 Π.

1288 1323 1324 1376 b'l

87 1530 112 1568 a:
197 1510 235 1567 ut
260 1511 370 1580 fucere
391 1523 456 1566 non
474 1500 605 1582 possim
629 1500 709 1583 quin
731 1500 832 1565 eidem
849 1500 974 1566 auctori
995 1506 1024 1564 et
1040 1499 1123 1565 illud
1140 1501 1322 1565 attribuam.

85 1600 111 1649 ':·
205 1591 287 1658 Oum
311 1589 445 1672 maique
467 1590 504 1655 in
527 1589 618 1654 tertio
635 1589 765 1654 virtutes
782 1589 830 1653 ita
850 1595 1081 1670 enumerentur,
1105 1588 1187 1653 sicut
1203 1589 1240 1653 in
1257 1589 1324 1655 oita

85 1709 107 1743 a
199 1680 277 1762 ipsa
300 1681 419 1745 relatae
441 1684 524 1759 sunt,
554 1699 620 1742 non
642 1684 696 1758 est,
727 1698 785 1743 cur
808 1677 1059 1759 praescriptioni
1087 1677 1185 1742 unius
1208 1677 1324 1743 codicis

85 1798 105 1813 r*
199 1768 237 1833 B
252 1771 290 1834 lb
320 1767 520 1848 diffidamus,
549 1766 668 1832 scilicet
696 1788 766 1831 earn
794 1765 1032 1831 transmittendi
1060 1766 1161 1844 fuisse
1183 1788 1322 1847 causam,

136 5043 175 5084 40

200 1858 289 1940 quod
309 1856 348 1922 in
364 1857 572 1938 praecedente
594 1862 705 1920 auctor
727 1876 782 1920 eas
797 1854 1026 1936 praeteriisset.

313 1963 423 2028 Sermo
438 1962 541 2027 Ionae
555 1964 706 2043 quomodo
721 1982 760 2025 erc
774 1961 934 2026 uocabulis
951 1961 1146 2042 floribusque
1160 1968 1323 2026 auctorum

85 2084 104 2117 ι
200 2051 408 2117 classicorum
425 2050 613 2133 compositus
627 2050 677 2131 sit,
698 2050 764 2115 olio
779 2051 844 2114 loco
859 2051 989 2131 exposui
999 2050 1019 2112 ¹.
1058 2050 1170 2114 Etiam
1190 2050 1324 2115 Graecis

85 2180 93 2187 -
199 2139 364 2206 uocabulis
399 2138 563 2204 nonnullis
599 2140 746 2203 utebatur
780 2135 821 2215 (e.
852 2158 901 2220 qr.
937 2140 1066 2223 agapis,
1105 2138 1251 2220 reuma),

85 2272 95 2298 .
200 2250 297 2295 mom
311 2249 405 2310 quam
421 2249 546 2310 operose
560 2234 673 2293 nactum
687 2234 758 2293 erat
772 2233 941 2291 ostentaret
953 2227 1119 2292 scientiam
1134 2228 1322 2292 litterarum.

85 2349 87 2353 ·
154 2340 182 2380 1o
200 2317 250 2381 In
270 2317 492 2399 qrammaticis
514 2323 619 2382 autem
638 2337 759 2398 parum
781 2315 969 2380 enercitatus
991 2322 1069 2396 erat,
1092 2315 1218 2397 ipseque
1240 2316 1324 2382 oitae

85 2452 92 2458 -
200 2405 428 2471 describendae
450 2405 606 2487 imparem
629 2427 661 2470 se
683 2405 721 2468 iu
750 2403 885 2486 epistula
908 2404 1047 2486 praeuia
1077 2405 1238 2484 consessus
1267 2404 1323 2469 im-

192 2493 354 2577 peritiam
390 2494 506 2576 eloquii
542 2493 595 2559 sui
632 2493 793 2559 eumsooit
829 2514 928 2574 neque
963 2493 1131 2558 ‘doctorum
1163 2494 1324 2574 pressibus

200 2582 383 2665 coaequari
406 2583 513 2664 uoluit,
544 2582 612 2648 nisi
638 2583 722 2662 sorte
752 2583 812 2646 bae
835 2581 979 2664 aliaeque
1000 2582 1170 2647 modestiae
1193 2588 1323 2646 ostenta·

199 2671 306 2736 tiones
328 2671 436 2754 potius
459 2673 503 2737 ad
524 2673 634 2737 tardes
656 2671 844 2737 eucitoudas
865 2671 1054 2752 spectabant.
1102 2671 1176 2734 Iam
1199 2692 1323 2735 consue

103 2800 108 2839 3
150 2790 178 2831 15
198 2759 328 2826 tudinis
355 2781 450 2842 quam
479 2761 613 2826 babebat
640 2759 800 2825 scribendi
828 2760 969 2840 euempla
991 2759 1146 2823 nonnulla
1169 2759 1324 2837 afferam:

247 2849 426 2915 activum
443 2856 532 2931 part.
556 2849 661 2928 futuri
684 2850 749 2913 loco
767 2847 893 2930 passini
908 2848 1043 2929 passim,

246 2959 370 3003 casus
391 2959 456 3003 nou
479 2944 559 3004 recte
581 2937 727 3018 adhibiti,
751 2936 870 3003 subiret

1289 2145 1325 2204 ut

323 3048 387 3092 occ.
417 3026 482 3092 loco
516 3029 581 3092 dat.
609 3033 685 3108 post
717 3028 909 3101 detrahere,
939 3027 1117 3110 imperare,
1149 3026 1320 3104 oboedire,

419 3117 622 3200 persolvere,
647 3116 801 3191 suadere,
826 3115 1028 3192 valedicere,

323 3205 388 3269 dat.
418 3205 483 3269 loco
505 3224 620 3286 praep.
644 3205 687 3269 ab
712 3210 787 3285 post
807 3205 1003 3288 impetrare,
1034 3225 1183 3289 poscere,
1207 3207 1322 3288 postu·

418 3294 500 3371 lare,
525 3295 667 3378 precari,

316 3404 388 3465 qen.
417 3383 484 3447 loco
506 3382 567 3448 abt.
585 3388 661 3467 post
683 3383 804 3457 ditare,
830 3383 973 3467 privare,

316 3493 387 3555 qen.
418 3471 483 3536 loco
506 3473 570 3537 dat.
595 3477 669 3552 post
690 3477 820 3556 gratus,
850 3472 1062 3555 incongruus
1088 3477 1118 3535 et
1139 3478 1214 3553 post
1241 3474 1285 3537 ad

417 3582 510 3636 nare,
531 3562 780 3639 commendare,
800 3561 959 3637 inserere,
976 3561 1128 3643 iungere,
1146 3561 1320 3645 praebere,

419 3652 588 3734 prodesse,
613 3650 799 3727 subiacere,

246 3737 406 3821 coniup.
431 3744 461 3801 3.
478 3759 588 3820 praes.
608 3744 668 3803 act.
687 3757 748 3819 per
766 3741 851 3803 ent:
872 3738 1048 3814 accedent,
1068 3738 1172 3815 aient,
1190 3743 1322 3804 annent

366 3823 424 3905 (=
437 3825 608 3909 annuunt),
626 3827 833 3911 conpellent,
847 3827 974 3903 dicent,
990 3827 1153 3901 incolent,
1168 3834 1320 3912 poscent,

365 3920 599 4000 prorumpent,
619 3914 763 3996 aliaeque
780 3914 1025 3996 inaequalitates
1043 3916 1179 3980 deserto
1199 3912 1257 3992 (=
1273 3917 1322 3980 de

365 4004 455 4087 loto),
479 4006 732 4069 meminisoeret
759 4010 788 4069 et
816 4003 961 4085 imperat.
990 4005 1234 4077 meminiscere,
1265 4026 1285 4068 o

366 4096 499 4171 stasset,
524 4094 713 4168 recollexit,
738 4099 849 4173 cetero,

1287 3494 1321 3536 u.

1288 4005 1321 4069 b.

248 4181 575 4247 constructionis
609 4184 654 4246 ad
689 4202 815 4246 sensrrm
850 4199 1111 4260 numerorumque
1148 4179 1321 4261 imparium

363 4291 440 4335 usus
462 4271 620 4353 frequens,

248 4359 345 4425 decl.
366 4364 397 4422 4.
421 4360 485 4423 dat.
509 4358 592 4440 sinq.
617 4382 657 4422 -u
679 4379 765 4423 more
788 4358 938 4439 antiquo:
964 4378 1064 4435 nexu,
1093 4363 1206 4441 portu,
1232 4358 1320 4436 sinu,

364 4446 609 4513 indeclinabilia
646 4449 698 4512 sol
737 4444 779 4526 (c.
811 4468 861 4530 qr.
897 4447 948 4511 sol
983 4446 1236 4527 occumbente),
1270 4448 1323 4512 vir

365 4534 425 4616 (=
449 4536 522 4616 uiri,
545 4536 659 4617 uirum,
684 4558 705 4599 a
727 4535 823 4617 uiro),

246 4645 400 4707 qenero
417 4624 543 4706 passim
564 4624 650 4690 inter
672 4646 704 4689 se
721 4629 904 4707 permutata

368 4728 397 4814 1)
420 4752 516 4796 masc.
528 4746 591 4812 pro
603 4731 695 4809 sem:
710 4731 902 4816 aegritudo,
916 4732 1026 4808 arbor,
1040 4733 1171 4808 cohors,
1186 4752 1321 4814 conpes,

418 4816 610 4902 (hleremus,
638 4821 745 4897 frons,
777 4841 871 4903 gens,
901 4821 1007 4895 natio,
1039 4840 1110 4904 ops,
1141 4820 1249 4883 saliro
1275 4818 1323 4883 oet

418 4910 528 4973 salibo
552 4909 612 4973 obl.
638 4907 698 4989 (=
721 4908 852 4991 saliua),
877 4909 1036 4992 synodus,
1061 4908 1166 4983 trabs,
1190 4907 1283 4985 villa,

365 5012 397 5098 2)
420 5035 516 5080 masc.
533 5036 597 5096 pro
615 5021 737 5082 neuin:
760 5014 960 5091 curriculus,
984 5016 1128 5091 furtum,
1150 5014 1322 5097 legumen·

417 5109 503 5182 tum,
521 5104 648 5182 lumen,
663 5105 878 5188 margaritus,
895 5103 1048 5179 meritus,
1065 5102 1320 5179 monasterium,

198 5298 230 5365 1)
250 5294 350 5354 ‘nera
361 5294 415 5347 aa
432 5295 560 5347 raama
576 5295 627 5359 sar
644 5294 793 5348 suumn.
815 5292 1075 5358 manamaur!
1091 5292 1171 5358 xm,
1183 5294 1244 5348 aar.
