<?xml version="1.0" encoding="UTF-8"?>
<!DOCTYPE html PUBLIC "-//W3C//DTD XHTML 1.0 Transitional//EN"
    "http://www.w3.org/TR/xhtml1/DTD/xhtml1-transitional.dtd">
<html xmlns="http://www.w3.org/1999/xhtml" xml:lang="en" lang="en">
 <head>
  <title>
</title>
<meta http-equiv="Content-Type" content="text/html;charset=utf-8" />
  <meta name='ocr-system' content='tesseract 3.04.00' />
  <meta name='ocr-capabilities' content='ocr_page ocr_carea ocr_par ocr_line ocrx_word'/>
</head>
<body>
  <div class='ocr_page' id='page_1' title='image "./ionaevitaesanct00jonagoog_0339.png"; bbox 0 0 3184 6800; ppageno 0'>
   <div class='ocr_carea' id='block_1_1' title="bbox 355 2137 1194 2382">
    <p class='ocr_par' dir='ltr' id='par_1_1' title="bbox 355 2137 1194 2382">
     <span class='ocr_line' id='line_1_1' title="bbox 355 2137 1194 2240; baseline 0.005 -4"><span class='ocrx_word' id='word_1_1' title='bbox 355 2137 509 2236; x_wconf 83' lang='lat' dir='ltr'>VITA</span> <span class='ocrx_word' id='word_1_2' title='bbox 546 2139 872 2237; x_wconf 85' lang='lat' dir='ltr'>IOHANNIS</span> <span class='ocrx_word' id='word_1_3' title='bbox 905 2142 1194 2240; x_wconf 85' lang='lat' dir='ltr'>ABBATIS</span> 
     </span>
     <span class='ocr_line' id='line_1_2' title="bbox 544 2284 1006 2382; baseline 0.002 -1"><span class='ocrx_word' id='word_1_4' title='bbox 544 2284 1006 2382; x_wconf 85' lang='lat' dir='ltr'><strong>REOMAENSIS.</strong></span> 
     </span>
    </p>
   </div>
   <div class='ocr_carea' id='block_1_2' title="bbox 193 2474 1510 5407">
    <p class='ocr_par' dir='ltr' id='par_1_2' title="bbox 193 2474 1510 3374">
     <span class='ocr_line' id='line_1_3' title="bbox 308 2474 1510 2586; baseline 0.002 -28"><span class='ocrx_word' id='word_1_5' title='bbox 308 2474 485 2559; x_wconf 77' lang='lat' dir='ltr'><em>‘Iouuuuts</em></span> <span class='ocrx_word' id='word_1_6' title='bbox 513 2494 740 2559; x_wconf 90' lang='lat' dir='ltr'><em>mouosterium</em></span> <span class='ocrx_word' id='word_1_7' title='bbox 763 2494 801 2559; x_wconf 92' lang='lat' dir='ltr'><em>iu</em></span> <span class='ocrx_word' id='word_1_8' title='bbox 827 2494 1061 2560; x_wconf 84' lang='lat' dir='ltr'><em>Teruodoreasi</em></span> <span class='ocrx_word' id='word_1_9' title='bbox 1084 2516 1171 2578; x_wconf 81' lang='lat' dir='ltr'><em>popo</em></span> <span class='ocrx_word' id='word_1_10' title='bbox 1194 2495 1333 2562; x_wconf 89' lang='lat' dir='ltr'><em>ciuitatis</em></span> <span class='ocrx_word' id='word_1_11' title='bbox 1350 2482 1510 2586; x_wconf 50' lang='lat' dir='ltr'><em>&#39;flfflssff</em></span> 
     </span>
     <span class='ocr_line' id='line_1_4' title="bbox 198 2583 1332 2666; baseline 0.001 -18"><span class='ocrx_word' id='word_1_12' title='bbox 198 2583 429 2666; x_wconf 80' lang='lat' dir='ltr'><em>Liaqoaeusis</em></span> <span class='ocrx_word' id='word_1_13' title='bbox 458 2583 542 2647; x_wconf 91' lang='lat' dir='ltr'><em>iuter</em></span> <span class='ocrx_word' id='word_1_14' title='bbox 564 2583 827 2648; x_wconf 90' lang='lat' dir='ltr'><em>Hormeutiouem</em></span> <span class='ocrx_word' id='word_1_15' title='bbox 856 2589 884 2647; x_wconf 92' lang='lat' dir='ltr'><em>et</em></span> <span class='ocrx_word' id='word_1_16' title='bbox 908 2583 1061 2648; x_wconf 85' lang='lat' dir='ltr'><em>Sideuam</em></span> <span class='ocrx_word' id='word_1_17' title='bbox 1089 2583 1207 2662; x_wconf 78' lang='lat' dir='ltr'><em>tlumos</em></span> <span class='ocrx_word' id='word_1_18' title='bbox 1236 2585 1332 2649; x_wconf 91' lang='lat' dir='ltr'><em>situm</em></span> 
     </span>
     <span class='ocr_line' id='line_1_5' title="bbox 199 2671 1332 2754; baseline 0.002 -17"><span class='ocrx_word' id='word_1_19' title='bbox 199 2679 280 2738; x_wconf 91' lang='lat' dir='ltr'><em>erat</em></span> <span class='ocrx_word' id='word_1_20' title='bbox 310 2673 384 2753; x_wconf 93' lang='lat' dir='ltr'><em>loco,</em></span> <span class='ocrx_word' id='word_1_21' title='bbox 415 2672 471 2754; x_wconf 89' lang='lat' dir='ltr'><em>qui</em></span> <span class='ocrx_word' id='word_1_22' title='bbox 501 2671 576 2736; x_wconf 89' lang='lat' dir='ltr'><em>olim</em></span> <span class='ocrx_word' id='word_1_23' title='bbox 606 2671 766 2736; x_wconf 85' lang='lat' dir='ltr'><em>Reoruaus</em></span> <span class='ocrx_word' id='word_1_24' title='bbox 794 2674 974 2737; x_wconf 87' lang='lat' dir='ltr'><em>uocabatur.</em></span> <span class='ocrx_word' id='word_1_25' title='bbox 1035 2672 1102 2738; x_wconf 87' lang='lat' dir='ltr'><em>Ubi</em></span> <span class='ocrx_word' id='word_1_26' title='bbox 1130 2695 1200 2738; x_wconf 87' lang='lat' dir='ltr'><em>cura</em></span> <span class='ocrx_word' id='word_1_27' title='bbox 1229 2674 1332 2739; x_wconf 86' lang='lat' dir='ltr'><em>Ionos</em></span> 
     </span>
     <span class='ocr_line' id='line_1_6' title="bbox 200 2760 1330 2845; baseline 0.001 -19"><span class='ocrx_word' id='word_1_28' title='bbox 200 2763 310 2827; x_wconf 89' lang='lat' dir='ltr'><em>abbas</em></span> <span class='ocrx_word' id='word_1_29' title='bbox 328 2760 407 2843; x_wconf 82' lang='lat' dir='ltr'><em>cqcli</em></span> <span class='ocrx_word' id='word_1_30' title='bbox 430 2760 609 2825; x_wconf 75' lang='lat' dir='ltr'><em>Victoriam</em></span> <span class='ocrx_word' id='word_1_31' title='bbox 627 2760 752 2842; x_wconf 88' lang='lat' dir='ltr'><em>repetiti</em></span> <span class='ocrx_word' id='word_1_32' title='bbox 770 2784 801 2826; x_wconf 89' lang='lat' dir='ltr'><em>o.</em></span> <span class='ocrx_word' id='word_1_33' title='bbox 821 2767 893 2841; x_wconf 87' lang='lat'><em>100,</em></span> <span class='ocrx_word' id='word_1_34' title='bbox 917 2760 941 2824; x_wconf 92' lang='lat' dir='ltr'><em>i.</em></span> <span class='ocrx_word' id='word_1_35' title='bbox 961 2783 986 2825; x_wconf 93' lang='lat' dir='ltr'><em>e.</em></span> <span class='ocrx_word' id='word_1_36' title='bbox 1000 2782 1036 2841; x_wconf 92' lang='lat' dir='ltr'><em>p.</em></span> <span class='ocrx_word' id='word_1_37' title='bbox 1058 2761 1134 2826; x_wconf 79' lang='lat' dir='ltr'><em>our.</em></span> <span class='ocrx_word' id='word_1_38' title='bbox 1154 2784 1186 2826; x_wconf 91' lang='lat' dir='ltr'><em>a.</em></span> <span class='ocrx_word' id='word_1_39' title='bbox 1206 2784 1237 2826; x_wconf 92' lang='lat' dir='ltr'><em>a.</em></span> <span class='ocrx_word' id='word_1_40' title='bbox 1255 2769 1330 2845; x_wconf 83' lang='lat'><em>659,</em></span> 
     </span>
     <span class='ocr_line' id='line_1_7' title="bbox 199 2849 1332 2933; baseline 0.002 -19"><span class='ocrx_word' id='word_1_41' title='bbox 199 2871 315 2915; x_wconf 88' lang='lat' dir='ltr'><em>meuse</em></span> <span class='ocrx_word' id='word_1_42' title='bbox 346 2849 526 2929; x_wconf 87' lang='lat' dir='ltr'><em>Nouembri,</em></span> <span class='ocrx_word' id='word_1_43' title='bbox 557 2849 693 2929; x_wconf 90' lang='lat' dir='ltr'><em>itiueris,</em></span> <span class='ocrx_word' id='word_1_44' title='bbox 724 2851 808 2930; x_wconf 93' lang='lat' dir='ltr'><em>quod</em></span> <span class='ocrx_word' id='word_1_45' title='bbox 835 2849 1017 2916; x_wconf 81' lang='lat' dir='ltr'><em>Oblotborii</em></span> <span class='ocrx_word' id='word_1_46' title='bbox 1045 2849 1130 2931; x_wconf 80' lang='lat' dir='ltr'><em>repis</em></span> <span class='ocrx_word' id='word_1_47' title='bbox 1159 2851 1332 2933; x_wconf 89' lang='lat' dir='ltr'><em>matrisque</em></span> 
     </span>
     <span class='ocr_line' id='line_1_8' title="bbox 202 2937 1330 3022; baseline 0.001 -19"><span class='ocrx_word' id='word_1_48' title='bbox 202 2939 278 3003; x_wconf 89' lang='lat' dir='ltr'><em>eius</em></span> <span class='ocrx_word' id='word_1_49' title='bbox 301 2937 480 3002; x_wconf 85' lang='lat' dir='ltr'><em>Baltbildis</em></span> <span class='ocrx_word' id='word_1_50' title='bbox 502 2938 592 3002; x_wconf 87' lang='lat' dir='ltr'><em>iussu</em></span> <span class='ocrx_word' id='word_1_51' title='bbox 620 2937 820 3002; x_wconf 76' lang='lat' dir='ltr'><em>Cabillonum</em></span> <span class='ocrx_word' id='word_1_52' title='bbox 842 2937 989 3019; x_wconf 80' lang='lat' dir='ltr'><em>faciebat,</em></span> <span class='ocrx_word' id='word_1_53' title='bbox 1014 2938 1120 3003; x_wconf 93' lang='lat' dir='ltr'><em>labore</em></span> <span class='ocrx_word' id='word_1_54' title='bbox 1142 2939 1246 3018; x_wconf 86' lang='lat' dir='ltr'><em>fessus</em></span> <span class='ocrx_word' id='word_1_55' title='bbox 1267 2961 1330 3022; x_wconf 92' lang='lat' dir='ltr'><em>per</em></span> 
     </span>
     <span class='ocr_line' id='line_1_9' title="bbox 193 3026 1330 3110; baseline 0.001 -18"><span class='ocrx_word' id='word_1_56' title='bbox 193 3047 330 3110; x_wconf 86' lang='lat' dir='ltr'><em>paucos</em></span> <span class='ocrx_word' id='word_1_57' title='bbox 345 3026 412 3091; x_wconf 89' lang='lat' dir='ltr'><em>dies</em></span> <span class='ocrx_word' id='word_1_58' title='bbox 424 3026 601 3109; x_wconf 90' lang='lat' dir='ltr'><em>quiesceret,</em></span> <span class='ocrx_word' id='word_1_59' title='bbox 618 3026 760 3105; x_wconf 77' lang='lat' dir='ltr'><em>fratrum</em></span> <span class='ocrx_word' id='word_1_60' title='bbox 769 3026 920 3108; x_wconf 76' lang='lat' dir='ltr'><em>praeibas</em></span> <span class='ocrx_word' id='word_1_61' title='bbox 931 3026 1040 3107; x_wconf 89' lang='lat' dir='ltr'><em>uictus,</em></span> <span class='ocrx_word' id='word_1_62' title='bbox 1057 3027 1161 3092; x_wconf 87' lang='lat' dir='ltr'><em>saucti</em></span> <span class='ocrx_word' id='word_1_63' title='bbox 1175 3030 1330 3094; x_wconf 90' lang='lat' dir='ltr'><em>actualem</em></span> 
     </span>
     <span class='ocr_line' id='line_1_10' title="bbox 204 3115 1329 3198; baseline 0.002 -18"><span class='ocrx_word' id='word_1_64' title='bbox 204 3116 309 3180; x_wconf 89' lang='lat' dir='ltr'><em>oitom</em></span> <span class='ocrx_word' id='word_1_65' title='bbox 332 3115 568 3197; x_wconf 77' lang='lat' dir='ltr'><em>spiritalemque</em></span> <span class='ocrx_word' id='word_1_66' title='bbox 586 3115 883 3197; x_wconf 87' lang='lat' dir='ltr'><em>coutemplatiouem,</em></span> <span class='ocrx_word' id='word_1_67' title='bbox 907 3115 1064 3196; x_wconf 90' lang='lat' dir='ltr'><em>quidquid</em></span> <span class='ocrx_word' id='word_1_68' title='bbox 1078 3136 1140 3196; x_wconf 90' lang='lat' dir='ltr'><em>per</em></span> <span class='ocrx_word' id='word_1_69' title='bbox 1158 3116 1329 3198; x_wconf 85' lang='lat' dir='ltr'><em>discipulos</em></span> 
     </span>
     <span class='ocr_line' id='line_1_11' title="bbox 195 3203 1329 3288; baseline 0.002 -19"><span class='ocrx_word' id='word_1_70' title='bbox 195 3212 408 3286; x_wconf 88' lang='lat' dir='ltr'><em>posterosque</em></span> <span class='ocrx_word' id='word_1_71' title='bbox 445 3210 634 3286; x_wconf 90' lang='lat' dir='ltr'><em>compertum</em></span> <span class='ocrx_word' id='word_1_72' title='bbox 671 3211 756 3285; x_wconf 92' lang='lat' dir='ltr'><em>erat,</em></span> <span class='ocrx_word' id='word_1_73' title='bbox 801 3203 914 3268; x_wconf 89' lang='lat' dir='ltr'><em>littoris</em></span> <span class='ocrx_word' id='word_1_74' title='bbox 950 3205 1116 3269; x_wconf 88' lang='lat' dir='ltr'><em>maudaoit</em></span> <span class='ocrx_word' id='word_1_75' title='bbox 1153 3205 1329 3288; x_wconf 79' lang='lat' dir='ltr'><em>librumque</em></span> 
     </span>
     <span class='ocr_line' id='line_1_12' title="bbox 209 3291 992 3374; baseline -0.003 -17"><span class='ocrx_word' id='word_1_76' title='bbox 209 3293 377 3358; x_wconf 89' lang='lat' dir='ltr'><em>Huuuom</em></span> <span class='ocrx_word' id='word_1_77' title='bbox 400 3292 502 3374; x_wconf 81' lang='lat' dir='ltr'><em>ipsim</em></span> <span class='ocrx_word' id='word_1_78' title='bbox 523 3291 710 3357; x_wconf 86' lang='lat' dir='ltr'><em>mouasterii</em></span> <span class='ocrx_word' id='word_1_79' title='bbox 732 3292 841 3358; x_wconf 91' lang='lat' dir='ltr'><em>abbati</em></span> <span class='ocrx_word' id='word_1_80' title='bbox 864 3292 992 3358; x_wconf 90' lang='lat' dir='ltr'><em>dicauit.</em></span> 
     </span>
    </p>

    <p class='ocr_par' dir='ltr' id='par_1_3' title="bbox 200 3381 1427 5327">
     <span class='ocr_line' id='line_1_13' title="bbox 318 3381 1328 3467; baseline 0.004 -21"><span class='ocrx_word' id='word_1_81' title='bbox 318 3382 482 3447; x_wconf 85' lang='lat' dir='ltr'><em>Iobuuues</em></span> <span class='ocrx_word' id='word_1_82' title='bbox 504 3404 538 3446; x_wconf 95' lang='lat' dir='ltr'><em>eo</em></span> <span class='ocrx_word' id='word_1_83' title='bbox 568 3388 640 3447; x_wconf 89' lang='lat' dir='ltr'><em>teste</em></span> <span class='ocrx_word' id='word_1_84' title='bbox 668 3381 706 3446; x_wconf 93' lang='lat' dir='ltr'><em>ia</em></span> <span class='ocrx_word' id='word_1_85' title='bbox 728 3381 849 3462; x_wconf 65' lang='lat' dir='ltr'><em>limbus</em></span> <span class='ocrx_word' id='word_1_86' title='bbox 876 3382 1124 3448; x_wconf 82' lang='lat' dir='ltr'><em>Teruodoreasis</em></span> <span class='ocrx_word' id='word_1_87' title='bbox 1153 3383 1260 3467; x_wconf 87' lang='lat' dir='ltr'><em>castri,</em></span> <span class='ocrx_word' id='word_1_88' title='bbox 1290 3383 1328 3450; x_wconf 91' lang='lat' dir='ltr'><em>iu</em></span> 
     </span>
     <span class='ocr_line' id='line_1_14' title="bbox 209 3471 1328 3552; baseline 0.003 -17"><span class='ocrx_word' id='word_1_89' title='bbox 209 3471 289 3536; x_wconf 91' lang='lat' dir='ltr'><em>oilla</em></span> <span class='ocrx_word' id='word_1_90' title='bbox 320 3492 401 3552; x_wconf 90' lang='lat' dir='ltr'><em>quoe</em></span> <span class='ocrx_word' id='word_1_91' title='bbox 435 3471 673 3552; x_wconf 76' lang='lat' dir='ltr'><em>Quartomacus</em></span> <span class='ocrx_word' id='word_1_92' title='bbox 706 3472 877 3536; x_wconf 87' lang='lat' dir='ltr'><em>uocabatur</em></span> <span class='ocrx_word' id='word_1_93' title='bbox 905 3473 950 3536; x_wconf 93' lang='lat' dir='ltr'><em>ad</em></span> <span class='ocrx_word' id='word_1_94' title='bbox 977 3471 1158 3537; x_wconf 86' lang='lat' dir='ltr'><em>Brideuam</em></span> <span class='ocrx_word' id='word_1_95' title='bbox 1192 3473 1328 3551; x_wconf 82' lang='lat' dir='ltr'><em>fluuium</em></span> 
     </span>
     <span class='ocr_line' id='line_1_15' title="bbox 209 3559 1328 3643; baseline 0.004 -20"><span class='ocrx_word' id='word_1_96' title='bbox 209 3560 273 3624; x_wconf 93' lang='lat' dir='ltr'><em>sita</em></span> <span class='ocrx_word' id='word_1_97' title='bbox 307 3582 330 3625; x_wconf 93' lang='lat' dir='ltr'><em>a</em></span> <span class='ocrx_word' id='word_1_98' title='bbox 360 3560 551 3642; x_wconf 89' lang='lat' dir='ltr'><em>pareatibus</em></span> <span class='ocrx_word' id='word_1_99' title='bbox 584 3580 649 3624; x_wconf 92' lang='lat' dir='ltr'><em>uou</em></span> <span class='ocrx_word' id='word_1_100' title='bbox 683 3559 881 3642; x_wconf 82' lang='lat' dir='ltr'><em>iquobilibus,</em></span> <span class='ocrx_word' id='word_1_101' title='bbox 914 3567 1010 3641; x_wconf 91' lang='lat' dir='ltr'><em>patre</em></span> <span class='ocrx_word' id='word_1_102' title='bbox 1043 3562 1188 3643; x_wconf 81' lang='lat' dir='ltr'><em>Hilario,</em></span> <span class='ocrx_word' id='word_1_103' title='bbox 1226 3570 1328 3628; x_wconf 89' lang='lat' dir='ltr'><em>matre</em></span> 
     </span>
     <span class='ocr_line' id='line_1_16' title="bbox 214 3648 1328 3734; baseline 0.004 -22"><span class='ocrx_word' id='word_1_104' title='bbox 214 3648 327 3730; x_wconf 78' lang='lat' dir='ltr'><em>Quieta</em></span> <span class='ocrx_word' id='word_1_105' title='bbox 361 3655 448 3713; x_wconf 86' lang='lat' dir='ltr'><em>ortus</em></span> <span class='ocrx_word' id='word_1_106' title='bbox 481 3655 560 3730; x_wconf 90' lang='lat' dir='ltr'><em>erat,</em></span> <span class='ocrx_word' id='word_1_107' title='bbox 595 3668 757 3730; x_wconf 88' lang='lat' dir='ltr'><em>auuosque</em></span> <span class='ocrx_word' id='word_1_108' title='bbox 790 3648 917 3714; x_wconf 89' lang='lat' dir='ltr'><em>circiter</em></span> <span class='ocrx_word' id='word_1_109' title='bbox 946 3656 988 3713; x_wconf 79' lang='lat'><em>20</em></span> <span class='ocrx_word' id='word_1_110' title='bbox 1023 3657 1127 3731; x_wconf 86' lang='lat' dir='ltr'><em>uatus,</em></span> <span class='ocrx_word' id='word_1_111' title='bbox 1156 3657 1328 3734; x_wconf 82' lang='lat' dir='ltr'><em>postquam</em></span> 
     </span>
     <span class='ocr_line' id='line_1_17' title="bbox 201 3736 1326 3821; baseline 0.002 -20"><span class='ocrx_word' id='word_1_112' title='bbox 201 3757 401 3821; x_wconf 83' lang='lat' dir='ltr'><em>perparvum</em></span> <span class='ocrx_word' id='word_1_113' title='bbox 429 3737 466 3801; x_wconf 89' lang='lat' dir='ltr'><em>iu</em></span> <span class='ocrx_word' id='word_1_114' title='bbox 496 3737 600 3802; x_wconf 92' lang='lat' dir='ltr'><em>uotali</em></span> <span class='ocrx_word' id='word_1_115' title='bbox 623 3738 687 3802; x_wconf 86' lang='lat' dir='ltr'><em>solo</em></span> <span class='ocrx_word' id='word_1_116' title='bbox 710 3736 885 3801; x_wconf 90' lang='lat' dir='ltr'><em>oratorium</em></span> <span class='ocrx_word' id='word_1_117' title='bbox 908 3737 1057 3817; x_wconf 80' lang='lat' dir='ltr'><em>coadidit,</em></span> <span class='ocrx_word' id='word_1_118' title='bbox 1088 3739 1203 3803; x_wconf 89' lang='lat' dir='ltr'><em>saltum</em></span> <span class='ocrx_word' id='word_1_119' title='bbox 1234 3739 1326 3820; x_wconf 90' lang='lat' dir='ltr'><em>odiit,</em></span> 
     </span>
     <span class='ocr_line' id='line_1_18' title="bbox 209 3826 1326 3908; baseline 0.002 -18"><span class='ocrx_word' id='word_1_120' title='bbox 209 3847 299 3907; x_wconf 87' lang='lat' dir='ltr'><em>quem</em></span> <span class='ocrx_word' id='word_1_121' title='bbox 316 3832 427 3907; x_wconf 90' lang='lat' dir='ltr'><em>postea</em></span> <span class='ocrx_word' id='word_1_122' title='bbox 449 3826 675 3890; x_wconf 87' lang='lat' dir='ltr'><em>mouasterium</em></span> <span class='ocrx_word' id='word_1_123' title='bbox 698 3827 876 3906; x_wconf 90' lang='lat' dir='ltr'><em>occupabat.</em></span> <span class='ocrx_word' id='word_1_124' title='bbox 923 3826 1102 3891; x_wconf 84' lang='lat' dir='ltr'><em>Mouacbos</em></span> <span class='ocrx_word' id='word_1_125' title='bbox 1130 3848 1164 3891; x_wconf 94' lang='lat' dir='ltr'><em>eo</em></span> <span class='ocrx_word' id='word_1_126' title='bbox 1186 3828 1326 3908; x_wconf 91' lang='lat' dir='ltr'><em>audique</em></span> 
     </span>
     <span class='ocr_line' id='line_1_19' title="bbox 209 3914 1427 3997; baseline 0.001 -18"><span class='ocrx_word' id='word_1_127' title='bbox 209 3916 401 3993; x_wconf 81' lang='lat' dir='ltr'><em>couflaeutes</em></span> <span class='ocrx_word' id='word_1_128' title='bbox 424 3916 550 3996; x_wconf 80' lang='lat' dir='ltr'><em>repulue</em></span> <span class='ocrx_word' id='word_1_129' title='bbox 573 3914 704 3980; x_wconf 87' lang='lat' dir='ltr'><em>subiecit</em></span> <span class='ocrx_word' id='word_1_130' title='bbox 711 3936 724 3996; x_wconf 90' lang='lat'><em>,·</em></span> <span class='ocrx_word' id='word_1_131' title='bbox 754 3920 906 3978; x_wconf 90' lang='lat' dir='ltr'><em>cresceute</em></span> <span class='ocrx_word' id='word_1_132' title='bbox 929 3920 1033 3979; x_wconf 90' lang='lat' dir='ltr'><em>autem</em></span> <span class='ocrx_word' id='word_1_133' title='bbox 1056 3935 1162 3978; x_wconf 91' lang='lat' dir='ltr'><em>eorum</em></span> <span class='ocrx_word' id='word_1_134' title='bbox 1185 3937 1324 3997; x_wconf 90' lang='lat' dir='ltr'><em>aumero,</em></span> <span class='ocrx_word' id='word_1_135' title='bbox 1423 3951 1427 3958; x_wconf 85' lang='lat'><strong>·</strong></span> 
     </span>
     <span class='ocr_line' id='line_1_20' title="bbox 208 4002 1325 4085; baseline 0.001 -19"><span class='ocrx_word' id='word_1_136' title='bbox 208 4004 320 4068; x_wconf 86' lang='lat' dir='ltr'><em>melius</em></span> <span class='ocrx_word' id='word_1_137' title='bbox 343 4003 405 4068; x_wconf 84' lang='lat' dir='ltr'><em>sibi</em></span> <span class='ocrx_word' id='word_1_138' title='bbox 427 4003 497 4082; x_wconf 74' lang='lat' dir='ltr'><em>tore</em></span> <span class='ocrx_word' id='word_1_139' title='bbox 520 4010 611 4067; x_wconf 86' lang='lat' dir='ltr'><em>ratus</em></span> <span class='ocrx_word' id='word_1_140' title='bbox 634 4002 711 4067; x_wconf 86' lang='lat' dir='ltr'><em>abiis</em></span> <span class='ocrx_word' id='word_1_141' title='bbox 734 4002 876 4067; x_wconf 90' lang='lat' dir='ltr'><em>oboedire</em></span> <span class='ocrx_word' id='word_1_142' title='bbox 899 4024 994 4083; x_wconf 90' lang='lat' dir='ltr'><em>quam</em></span> <span class='ocrx_word' id='word_1_143' title='bbox 1017 4002 1187 4085; x_wconf 91' lang='lat' dir='ltr'><em>domiuari,</em></span> <span class='ocrx_word' id='word_1_144' title='bbox 1218 4025 1325 4068; x_wconf 81' lang='lat' dir='ltr'><em>arouc-</em></span> 
     </span>
     <span class='ocr_line' id='line_1_21' title="bbox 208 4091 1325 4173; baseline 0.002 -18"><span class='ocrx_word' id='word_1_145' title='bbox 208 4092 338 4157; x_wconf 89' lang='lat' dir='ltr'><em>sterium</em></span> <span class='ocrx_word' id='word_1_146' title='bbox 360 4092 489 4173; x_wconf 91' lang='lat' dir='ltr'><em>reliquit</em></span> <span class='ocrx_word' id='word_1_147' title='bbox 517 4098 547 4156; x_wconf 92' lang='lat' dir='ltr'><em>et</em></span> <span class='ocrx_word' id='word_1_148' title='bbox 569 4094 613 4156; x_wconf 91' lang='lat' dir='ltr'><em>ad</em></span> <span class='ocrx_word' id='word_1_149' title='bbox 634 4091 853 4173; x_wconf 81' lang='lat' dir='ltr'><em>reliqiosorum</em></span> <span class='ocrx_word' id='word_1_150' title='bbox 874 4113 976 4155; x_wconf 88' lang='lat' dir='ltr'><em>mores</em></span> <span class='ocrx_word' id='word_1_151' title='bbox 999 4092 1181 4157; x_wconf 85' lang='lat' dir='ltr'><em>accuratius</em></span> <span class='ocrx_word' id='word_1_152' title='bbox 1197 4093 1325 4173; x_wconf 92' lang='lat' dir='ltr'><em>perqui-</em></span> 
     </span>
     <span class='ocr_line' id='line_1_22' title="bbox 208 4179 1324 4262; baseline 0.002 -19"><span class='ocrx_word' id='word_1_153' title='bbox 208 4184 323 4245; x_wconf 81' lang='lat' dir='ltr'><em>rendos</em></span> <span class='ocrx_word' id='word_1_154' title='bbox 356 4181 512 4245; x_wconf 90' lang='lat' dir='ltr'><em>Leriuum</em></span> <span class='ocrx_word' id='word_1_155' title='bbox 547 4201 578 4244; x_wconf 86' lang='lat' dir='ltr'><em>se</em></span> <span class='ocrx_word' id='word_1_156' title='bbox 613 4179 757 4261; x_wconf 91' lang='lat' dir='ltr'><em>coutulit,</em></span> <span class='ocrx_word' id='word_1_157' title='bbox 795 4179 851 4244; x_wconf 94' lang='lat' dir='ltr'><em>ubi</em></span> <span class='ocrx_word' id='word_1_158' title='bbox 884 4179 1057 4261; x_wconf 81' lang='lat' dir='ltr'><em>disciplina</em></span> <span class='ocrx_word' id='word_1_159' title='bbox 1090 4180 1250 4262; x_wconf 78' lang='lat' dir='ltr'><em>reputaris</em></span> <span class='ocrx_word' id='word_1_160' title='bbox 1283 4182 1324 4245; x_wconf 92' lang='lat' dir='ltr'><em>ab</em></span> 
     </span>
     <span class='ocr_line' id='line_1_23' title="bbox 207 4267 1324 4350; baseline 0.001 -17"><span class='ocrx_word' id='word_1_161' title='bbox 207 4270 375 4334; x_wconf 84' lang='lat' dir='ltr'><em>Honorato</em></span> <span class='ocrx_word' id='word_1_162' title='bbox 397 4269 544 4334; x_wconf 90' lang='lat' dir='ltr'><em>iustitutu</em></span> <span class='ocrx_word' id='word_1_163' title='bbox 567 4267 736 4334; x_wconf 88' lang='lat' dir='ltr'><em>ctiamtuuc</em></span> <span class='ocrx_word' id='word_1_164' title='bbox 758 4268 903 4346; x_wconf 82' lang='lat' dir='ltr'><em>florebat.</em></span> <span class='ocrx_word' id='word_1_165' title='bbox 949 4269 1014 4335; x_wconf 87' lang='lat' dir='ltr'><em>Ubi</em></span> <span class='ocrx_word' id='word_1_166' title='bbox 1036 4290 1105 4334; x_wconf 90' lang='lat' dir='ltr'><em>cum</em></span> <span class='ocrx_word' id='word_1_167' title='bbox 1124 4291 1184 4350; x_wconf 91' lang='lat' dir='ltr'><em>per</em></span> <span class='ocrx_word' id='word_1_168' title='bbox 1202 4291 1324 4335; x_wconf 89' lang='lat' dir='ltr'><em>auuum</em></span> 
     </span>
     <span class='ocr_line' id='line_1_24' title="bbox 207 4356 1324 4440; baseline 0.003 -19"><span class='ocrx_word' id='word_1_169' title='bbox 207 4365 237 4421; x_wconf 95' lang='lat' dir='ltr'><em>et</em></span> <span class='ocrx_word' id='word_1_170' title='bbox 253 4358 422 4423; x_wconf 86' lang='lat' dir='ltr'><em>dimidium</em></span> <span class='ocrx_word' id='word_1_171' title='bbox 439 4356 619 4439; x_wconf 82' lang='lat' dir='ltr'><em>iacoqmtus</em></span> <span class='ocrx_word' id='word_1_172' title='bbox 635 4357 798 4422; x_wconf 82' lang='lat' dir='ltr'><em>lumiliter</em></span> <span class='ocrx_word' id='word_1_173' title='bbox 814 4357 969 4438; x_wconf 88' lang='lat' dir='ltr'><em>seruisset,</em></span> <span class='ocrx_word' id='word_1_174' title='bbox 988 4360 1028 4423; x_wconf 93' lang='lat' dir='ltr'><em>ab</em></span> <span class='ocrx_word' id='word_1_175' title='bbox 1046 4359 1170 4423; x_wconf 87' lang='lat' dir='ltr'><em>adoeuu</em></span> <span class='ocrx_word' id='word_1_176' title='bbox 1188 4361 1324 4440; x_wconf 89' lang='lat' dir='ltr'><em>quodam</em></span> 
     </span>
     <span class='ocr_line' id='line_1_25' title="bbox 207 4446 1324 4529; baseline 0.002 -18"><span class='ocrx_word' id='word_1_177' title='bbox 207 4446 337 4529; x_wconf 84' lang='lat' dir='ltr'><em>aqmtus</em></span> <span class='ocrx_word' id='word_1_178' title='bbox 359 4455 390 4512; x_wconf 95' lang='lat' dir='ltr'><em>et</em></span> <span class='ocrx_word' id='word_1_179' title='bbox 411 4470 432 4512; x_wconf 94' lang='lat' dir='ltr'><em>o</em></span> <span class='ocrx_word' id='word_1_180' title='bbox 459 4446 614 4528; x_wconf 80' lang='lat' dir='ltr'><em>Greqorio</em></span> <span class='ocrx_word' id='word_1_181' title='bbox 638 4446 778 4529; x_wconf 87' lang='lat' dir='ltr'><em>episeopo</em></span> <span class='ocrx_word' id='word_1_182' title='bbox 802 4446 1001 4528; x_wconf 82' lang='lat' dir='ltr'><em>Liuqoueusi</em></span> <span class='ocrx_word' id='word_1_183' title='bbox 1030 4449 1075 4511; x_wconf 91' lang='lat' dir='ltr'><em>ad</em></span> <span class='ocrx_word' id='word_1_184' title='bbox 1095 4447 1324 4513; x_wconf 88' lang='lat' dir='ltr'><em>raouasteriura</em></span> 
     </span>
     <span class='ocr_line' id='line_1_26' title="bbox 206 4534 1324 4617; baseline 0.001 -17"><span class='ocrx_word' id='word_1_185' title='bbox 206 4536 388 4601; x_wconf 87' lang='lat' dir='ltr'><em>derelictum</em></span> <span class='ocrx_word' id='word_1_186' title='bbox 405 4541 567 4601; x_wconf 88' lang='lat' dir='ltr'><em>reuocatus</em></span> <span class='ocrx_word' id='word_1_187' title='bbox 586 4543 648 4600; x_wconf 88' lang='lat' dir='ltr'><em>est:</em></span> <span class='ocrx_word' id='word_1_188' title='bbox 670 4536 752 4600; x_wconf 86' lang='lat' dir='ltr'><em>duas</em></span> <span class='ocrx_word' id='word_1_189' title='bbox 769 4534 855 4599; x_wconf 88' lang='lat' dir='ltr'><em>emm</em></span> <span class='ocrx_word' id='word_1_190' title='bbox 872 4535 926 4600; x_wconf 92' lang='lat' dir='ltr'><em>ille</em></span> <span class='ocrx_word' id='word_1_191' title='bbox 944 4535 1094 4617; x_wconf 84' lang='lat' dir='ltr'><em>epistulas</em></span> <span class='ocrx_word' id='word_1_192' title='bbox 1112 4558 1150 4600; x_wconf 91' lang='lat' dir='ltr'><em>ea</em></span> <span class='ocrx_word' id='word_1_193' title='bbox 1168 4538 1206 4601; x_wconf 93' lang='lat' dir='ltr'><em>de</em></span> <span class='ocrx_word' id='word_1_194' title='bbox 1225 4558 1324 4602; x_wconf 89' lang='lat' dir='ltr'><em>causo</em></span> 
     </span>
     <span class='ocr_line' id='line_1_27' title="bbox 205 4624 1325 4707; baseline 0.002 -19"><span class='ocrx_word' id='word_1_195' title='bbox 205 4624 345 4707; x_wconf 87' lang='lat' dir='ltr'><em>miserat,</em></span> <span class='ocrx_word' id='word_1_196' title='bbox 375 4646 475 4689; x_wconf 92' lang='lat' dir='ltr'><em>uuum</em></span> <span class='ocrx_word' id='word_1_197' title='bbox 504 4626 549 4689; x_wconf 90' lang='lat' dir='ltr'><em>ad</em></span> <span class='ocrx_word' id='word_1_198' title='bbox 577 4624 848 4706; x_wconf 82' lang='lat' dir='ltr'><em>coaqreqatioaem</em></span> <span class='ocrx_word' id='word_1_199' title='bbox 870 4624 1086 4705; x_wconf 86' lang='lat' dir='ltr'><em>Loriueusem,</em></span> <span class='ocrx_word' id='word_1_200' title='bbox 1118 4625 1253 4690; x_wconf 90' lang='lat' dir='ltr'><em>alteram</em></span> <span class='ocrx_word' id='word_1_201' title='bbox 1279 4628 1325 4691; x_wconf 90' lang='lat' dir='ltr'><em>ad</em></span> 
     </span>
     <span class='ocr_line' id='line_1_28' title="bbox 205 4712 1320 4796; baseline 0 -19"><span class='ocrx_word' id='word_1_202' title='bbox 205 4720 349 4778; x_wconf 89' lang='lat' dir='ltr'><em>sauctum</em></span> <span class='ocrx_word' id='word_1_203' title='bbox 383 4713 496 4795; x_wconf 80' lang='lat' dir='ltr'><em>ipsium.</em></span> <span class='ocrx_word' id='word_1_204' title='bbox 549 4712 725 4794; x_wconf 78' lang='lat' dir='ltr'><em>Repressus</em></span> <span class='ocrx_word' id='word_1_205' title='bbox 757 4712 878 4791; x_wconf 73' lang='lat' dir='ltr'><em>fratres</em></span> <span class='ocrx_word' id='word_1_206' title='bbox 912 4715 957 4778; x_wconf 91' lang='lat' dir='ltr'><em>ad</em></span> <span class='ocrx_word' id='word_1_207' title='bbox 988 4713 1136 4778; x_wconf 88' lang='lat' dir='ltr'><em>Macarii</em></span> <span class='ocrx_word' id='word_1_208' title='bbox 1169 4715 1320 4796; x_wconf 73' lang='lat' dir='ltr'><em>reputata,</em></span> 
     </span>
     <span class='ocr_line' id='line_1_29' title="bbox 205 4801 1322 4883; baseline 0.001 -16"><span class='ocrx_word' id='word_1_209' title='bbox 205 4802 369 4868; x_wconf 88' lang='lat' dir='ltr'><em>assisteute</em></span> <span class='ocrx_word' id='word_1_210' title='bbox 392 4802 552 4866; x_wconf 89' lang='lat' dir='ltr'><em>Filomere</em></span> <span class='ocrx_word' id='word_1_211' title='bbox 574 4801 735 4882; x_wconf 84' lang='lat' dir='ltr'><em>raouacbo,</em></span> <span class='ocrx_word' id='word_1_212' title='bbox 766 4802 927 4883; x_wconf 89' lang='lat' dir='ltr'><em>educabat,</em></span> <span class='ocrx_word' id='word_1_213' title='bbox 958 4802 1075 4867; x_wconf 88' lang='lat' dir='ltr'><em>scilieet</em></span> <span class='ocrx_word' id='word_1_214' title='bbox 1096 4808 1131 4866; x_wconf 94' lang='lat' dir='ltr'><em>ut</em></span> <span class='ocrx_word' id='word_1_215' title='bbox 1154 4801 1322 4868; x_wconf 88' lang='lat' dir='ltr'><em>laboriosis</em></span> 
     </span>
     <span class='ocr_line' id='line_1_30' title="bbox 204 4889 1319 4977; baseline -0.001 -22"><span class='ocrx_word' id='word_1_216' title='bbox 204 4891 350 4977; x_wconf 87' lang='lat' dir='ltr'><em>operibus</em></span> <span class='ocrx_word' id='word_1_217' title='bbox 384 4889 483 4956; x_wconf 87' lang='lat' dir='ltr'><em>dediti</em></span> <span class='ocrx_word' id='word_1_218' title='bbox 517 4890 585 4955; x_wconf 90' lang='lat' dir='ltr'><em>loco</em></span> <span class='ocrx_word' id='word_1_219' title='bbox 619 4890 760 4954; x_wconf 88' lang='lat' dir='ltr'><em>saltuosa</em></span> <span class='ocrx_word' id='word_1_220' title='bbox 794 4891 919 4955; x_wconf 87' lang='lat' dir='ltr'><em>cultura</em></span> <span class='ocrx_word' id='word_1_221' title='bbox 952 4892 1119 4955; x_wconf 90' lang='lat' dir='ltr'><em>reddereut</em></span> <span class='ocrx_word' id='word_1_222' title='bbox 1148 4890 1319 4970; x_wconf 73' lang='lat' dir='ltr'><em>fertiliora.</em></span> 
     </span>
     <span class='ocr_line' id='line_1_31' title="bbox 203 4977 1321 5060; baseline 0.001 -16"><span class='ocrx_word' id='word_1_223' title='bbox 203 4980 362 5060; x_wconf 80' lang='lat' dir='ltr'><em>Eaemplc</em></span> <span class='ocrx_word' id='word_1_224' title='bbox 383 4979 478 5044; x_wconf 87' lang='lat' dir='ltr'><em>istius</em></span> <span class='ocrx_word' id='word_1_225' title='bbox 501 4978 620 5043; x_wconf 89' lang='lat' dir='ltr'><em>loboris</em></span> <span class='ocrx_word' id='word_1_226' title='bbox 649 4977 686 5043; x_wconf 92' lang='lat' dir='ltr'><em>iu</em></span> <span class='ocrx_word' id='word_1_227' title='bbox 708 4978 874 5043; x_wconf 91' lang='lat' dir='ltr'><em>miraculis</em></span> <span class='ocrx_word' id='word_1_228' title='bbox 896 4978 1086 5060; x_wconf 87' lang='lat' dir='ltr'><em>ufferuutur,</em></span> <span class='ocrx_word' id='word_1_229' title='bbox 1117 5000 1197 5060; x_wconf 90' lang='lat' dir='ltr'><em>quae</em></span> <span class='ocrx_word' id='word_1_230' title='bbox 1220 4986 1321 5059; x_wconf 91' lang='lat' dir='ltr'><em>poste·</em></span> 
     </span>
     <span class='ocr_line' id='line_1_32' title="bbox 201 5066 1320 5149; baseline -0.002 -15"><span class='ocrx_word' id='word_1_231' title='bbox 201 5068 321 5134; x_wconf 90' lang='lat' dir='ltr'><em>riorcm</em></span> <span class='ocrx_word' id='word_1_232' title='bbox 344 5068 435 5133; x_wconf 87' lang='lat' dir='ltr'><em>Vitae</em></span> <span class='ocrx_word' id='word_1_233' title='bbox 451 5074 579 5148; x_wconf 88' lang='lat' dir='ltr'><em>partem</em></span> <span class='ocrx_word' id='word_1_234' title='bbox 593 5066 794 5148; x_wconf 90' lang='lat' dir='ltr'><em>potissimum</em></span> <span class='ocrx_word' id='word_1_235' title='bbox 814 5075 974 5149; x_wconf 90' lang='lat' dir='ltr'><em>occupaut,</em></span> <span class='ocrx_word' id='word_1_236' title='bbox 997 5067 1102 5148; x_wconf 92' lang='lat' dir='ltr'><em>ibique</em></span> <span class='ocrx_word' id='word_1_237' title='bbox 1121 5068 1217 5132; x_wconf 89' lang='lat' dir='ltr'><em>etiam</em></span> <span class='ocrx_word' id='word_1_238' title='bbox 1235 5075 1320 5132; x_wconf 88' lang='lat' dir='ltr'><em>certa</em></span> 
     </span>
     <span class='ocr_line' id='line_1_33' title="bbox 201 5154 1320 5241; baseline -0.001 -18"><span class='ocrx_word' id='word_1_239' title='bbox 201 5165 377 5241; x_wconf 87' lang='lat' dir='ltr'><em>temporum</em></span> <span class='ocrx_word' id='word_1_240' title='bbox 407 5155 530 5221; x_wconf 89' lang='lat' dir='ltr'><em>iudicia</em></span> <span class='ocrx_word' id='word_1_241' title='bbox 559 5156 842 5237; x_wconf 84' lang='lat' dir='ltr'><em>deprebeaduutur,</em></span> <span class='ocrx_word' id='word_1_242' title='bbox 873 5156 991 5221; x_wconf 90' lang='lat' dir='ltr'><em>scilicet</em></span> <span class='ocrx_word' id='word_1_243' title='bbox 1013 5155 1169 5221; x_wconf 89' lang='lat' dir='ltr'><em>Nicasius</em></span> <span class='ocrx_word' id='word_1_244' title='bbox 1199 5154 1320 5222; x_wconf 85' lang='lat' dir='ltr'><em>‘euram</em></span> 
     </span>
     <span class='ocr_line' id='line_1_34' title="bbox 200 5242 1320 5327; baseline -0.003 -14"><span class='ocrx_word' id='word_1_245' title='bbox 200 5247 252 5313; x_wconf 91' lang='lat' dir='ltr'><em>rei</em></span> <span class='ocrx_word' id='word_1_246' title='bbox 277 5246 424 5327; x_wconf 90' lang='lat' dir='ltr'><em>publicae</em></span> <span class='ocrx_word' id='word_1_247' title='bbox 447 5244 691 5309; x_wconf 84' lang='lat' dir='ltr'><em>admimstraus&#39;</em></span> <span class='ocrx_word' id='word_1_248' title='bbox 715 5243 753 5324; x_wconf 91' lang='lat' dir='ltr'><em>(c.</em></span> <span class='ocrx_word' id='word_1_249' title='bbox 776 5242 838 5326; x_wconf 83' lang='lat'><em>11),</em></span> <span class='ocrx_word' id='word_1_250' title='bbox 868 5243 938 5308; x_wconf 90' lang='lat' dir='ltr'><em>siue</em></span> <span class='ocrx_word' id='word_1_251' title='bbox 960 5245 1054 5310; x_wconf 93' lang='lat' dir='ltr'><em>dubio</em></span> <span class='ocrx_word' id='word_1_252' title='bbox 1078 5265 1177 5310; x_wconf 91' lang='lat' dir='ltr'><em>comes</em></span> <span class='ocrx_word' id='word_1_253' title='bbox 1199 5246 1320 5310; x_wconf 90' lang='lat' dir='ltr'><em>castelli</em></span> 
     </span>
    </p>

    <p class='ocr_par' dir='ltr' id='par_1_4' title="bbox 255 5348 1139 5407">
     <span class='ocr_line' id='line_1_35' title="bbox 255 5348 1139 5407; baseline 0 0"><span class='ocrx_word' id='word_1_254' title='bbox 255 5368 266 5406; x_wconf 93' lang='lat' dir='ltr'>I</span> <span class='ocrx_word' id='word_1_255' title='bbox 267 5378 330 5407; x_wconf 81' lang='lat' dir='ltr'><em>ooooo</em></span> <span class='ocrx_word' id='word_1_256' title='bbox 1105 5348 1139 5402; x_wconf 76' lang='lat'><em>21</em></span> 
     </span>
    </p>
   </div>
   <div class='ocr_carea' id='block_1_3' title="bbox 0 0 1596 6800">
    <p class='ocr_par' dir='ltr' id='par_1_5' title="bbox 0 0 1596 6800">
     <span class='ocr_line' id='line_1_36' title="bbox 0 0 1596 6800; baseline 0 2"><span class='ocrx_word' id='word_1_257' title='bbox 0 0 1596 6800; x_wconf 95' lang='lat' dir='ltr'><em> </em></span> 
     </span>
    </p>
   </div>
  </div>
 </body>
</html>
