3184 6800
212 1301 265 1353 322
453 1293 577 1363 IONAS,
590 1292 686 1349 VITA
704 1293 895 1349 IOHANNIS
914 1292 1093 1381 ABBA'IIS.

212 1477 383 1544 Auallonis
394 1477 456 1559 ille,
472 1476 529 1560 qui
539 1483 612 1559 post
627 1475 822 1542 Obildeberti
832 1483 962 1542 mortem
975 1473 1022 1554 (a.
1035 1475 1119 1558 558)
1136 1475 1317 1542 Germanum

213 1567 390 1651 episcopum
424 1568 469 1631 acl
495 1565 676 1648 mundium
709 1565 860 1630 inuitauit
868 1565 889 1646 1,
929 1564 1084 1647 expeditio
1123 1563 1318 1630 Tbeudeberti

212 1656 297 1739 repis
313 1655 432 1721 Italica
452 1651 493 1732 (c.
513 1656 569 1738 15)
589 1677 620 1719 a.
634 1660 709 1719 539.
726 1654 815 1734 facta
829 1653 1073 1736 pestilentiaque
1089 1654 1203 1737 prauis
1219 1650 1260 1731 (c.
1274 1653 1318 1736 17)

214 1768 244 1810 a.
263 1751 337 1810 543.
382 1744 462 1810 Cum
490 1743 651 1826 posterius
684 1743 876 1808 miraculum
909 1743 1032 1808 nullum
1062 1749 1252 1808 enarratum
1279 1741 1319 1822 sit,

213 1833 385 1899 uerisimile
414 1839 467 1913 est,
502 1838 647 1896 sanctum
671 1832 772 1913 paulo
795 1838 869 1913 post
892 1831 1075 1911 defunctum
1097 1853 1174 1914 esse,
1208 1831 1233 1896 i.
1256 1853 1281 1896 e.
1301 1852 1344 1895 cs

214 1945 245 1987 a.
262 1928 337 2003 544,
361 1942 459 2004 neque
481 1919 721 2002 interpolatioui
744 1926 845 1985 tentus
863 1919 1048 1986 recentioris
1067 1921 1259 1986 credendum
1278 1925 1321 2000 est,

213 2011 269 2077 ubi
291 2034 322 2075 a.
341 2017 415 2075 539.
439 2008 611 2075 traditur2.
650 2009 765 2073 Annos
788 2007 915 2074 circiter
937 2015 998 2073 120
1018 2011 1183 2092 ominalesse
1207 2008 1321 2089 clicitm,

214 2100 352 2182 sepultus
374 2099 464 2164 bonel
485 2099 600 2180 procul
622 2120 644 2162 a
665 2097 858 2162 monasterio
886 2097 924 2162 in
953 2097 1022 2162 eius
1050 2097 1181 2178 uuicos,
1213 2099 1278 2163 loco
1297 2103 1324 2161 ut

210 2187 421 2272 probabiliter
450 2186 613 2268 conicitur,
648 2185 704 2269 qui
738 2185 860 2268 Corpus
888 2185 992 2251 saneti
1022 2183 1132 2267 (bodie
1167 2185 1323 2266 Oorsaint)

214 2276 289 2341 olim
322 2277 502 2342 uocabatur.
548 2275 632 2340 Eius
664 2275 756 2354 fama
790 2281 865 2340 aute
893 2274 1000 2340 Vitam
1033 2275 1248 2359 couscriptum
1279 2274 1324 2339 mu
1338 2297 1356 2335 ιο

209 2365 398 2447 percrebuit,
423 2365 495 2430 licet
510 2363 652 2445 Sequani
670 2363 769 2429 uicini
786 2364 925 2446 Sepestri
942 2362 1130 2429 monasterii
1149 2363 1321 2442 coniitmus,

103 2467 140 2518 ‘1¹-
150 2467 198 2513 ωε.
215 2454 270 2536 aui
299 2476 368 2529 eum
399 2451 515 2536 *ipsum
537 2453 753 2532 uisitaeerat³,
788 2451 992 2517 meminerint
1020 2459 1049 2516 et
1075 2452 1275 2535 Greporius4
1302 2457 1324 2516 et

215 2550 324 2608 auctor
339 2541 569 2624 Martprolopii
583 2540 871 2624 Hieronymiaui⁵;
887 2547 999 2622 postea
1021 2561 1094 2605 uero
1116 2540 1215 2620 fastis
1232 2540 1325 2606 sacris

214 2631 400 2697 mouosterii
418 2629 630 2695 Luuouiensis
653 2629 704 2694 die
727 2651 787 2711 quo
811 2629 951 2694 obierat⁶
974 2637 1027 2694 28.
1044 2629 1203 2695 Ianuarii
1225 2629 1325 2694 illatus

215 2727 260 2786 est
281 2720 333 2785 bis
354 2720 458 2785 uerbis
469 2720 491 2784 ⁷:
514 2721 555 2783 V.
575 2720 632 2785 Kl.
653 2717 735 2784 Feb.
756 2720 851 2803 deps.
871 2720 983 2784 snno'oi
1002 2719 1170 2783 Iohannis
1187 2721 1324 2784 obbatis.
1339 2737 1357 2776 u
1373 2746 1393 2770 ‘-

216 2810 383 2876 Successor
416 2811 456 2874 ab
491 2830 525 2873 eo
559 2807 627 2890 ipso
658 2807 834 2872 destinatus
862 2808 1012 2872 Siluester
1045 2807 1152 2889 obbas,
1188 2807 1245 2889 qui
1275 2827 1326 2892 per

214 2899 341 2981 lonpum
372 2904 490 2979 tempus
518 2897 639 2974 floreus
669 2895 721 2960 aie
748 2903 797 2959 15.
822 2895 950 2977 Aprilis
973 2896 1139 2976 defunctus
1169 2903 1223 2978 est,
1259 2897 1326 2962 Ger·

214 2986 305 3051 moui
335 2985 472 3069 episcopi
495 2983 695 3051 Parisiensis
720 2981 761 3062 (c
785 3007 816 3049 a.
834 2986 1040 3068 555-576)
1065 2985 1210 3066 manalis
1233 2985 1325 3050 erat⁸.

215 3075 299 3140 Eius
332 3075 423 3140 iussu
451 3075 671 3139 Mummulus9
705 3080 903 3155 copuomento
925 3073 1075 3138 Bonus¹⁰
1107 3074 1327 3139 monasterium

212 3165 456 3247 pnberuanclum
473 3162 615 3245 suscepit,
634 3162 722 3243 isque
740 3185 771 3227 a.
789 3158 923 3246 stesso.
943 3162 1103 3244 episcopus
1118 3162 1328 3245 Linponeusis
1340 3181 1360 3220 u

216 3254 333 3332 electus,
357 3251 600 3317 Leubamlinum
623 3250 782 3332 fratribus
805 3250 1069 3316 consentientibus
1086 3252 1254 3333 praefecit,
1278 3252 1327 3316 sul

216 3361 276 3423 quo
293 3340 428 3424 patroni
451 3361 563 3423 corpus
587 3341 621 3406 S.
638 3338 807 3405 Mauricio
829 3360 922 3406 sacro
945 3339 997 3405 ulie
1020 3345 1074 3403 22.
1097 3340 1182 3422 Sept.
1205 3341 1244 3406 in
1266 3361 1328 3406 eum

216 3451 276 3512 quo
295 3432 398 3495 Ionae
421 3437 555 3510 tempore
573 3436 644 3494 erat
660 3430 760 3495 locum
778 3430 970 3494 translatum
988 3435 1042 3494 est.
1082 3430 1126 3493 In
1149 3430 1211 3495 bac
1234 3437 1328 3494 traus-

217 3519 334 3584 latione
357 3520 393 3583 V.
411 3517 571 3583 lobannis
593 3517 718 3583 denuit.

324 3606 488 3672 Posterior
505 3606 573 3671 eius
588 3629 672 3689 pars
689 3628 755 3671 uon
773 3607 873 3671 solum
891 3608 955 3687 pide
973 3606 1072 3689 clipna
1090 3614 1143 3688 est,
1169 3609 1225 3672 secl
1241 3608 1330 3673 etiam
1343 3624 1363 3664 u

216 3696 255 3761 iu
283 3695 327 3760 iis
356 3717 436 3777 quae
466 3697 503 3760 de
533 3695 729 3779 eupeclitione
757 3695 965 3760 Tbeudeberti
989 3695 1108 3761 Italica
1137 3703 1331 3761 enarrantur

217 3787 263 3850 col
290 3784 458 3850 historiam
489 3785 746 3850 conscribendam
780 3784 907 3865 aliquid
937 3786 1078 3866 confert,
1105 3784 1204 3866 prior
1233 3792 1331 3850 autem

217 3895 282 3939 non
305 3874 352 3938 ita
371 3875 576 3955 approbatur.
617 3874 797 3938 Iobaunem
812 3874 968 3938 consulem
989 3872 1117 3938 Gallias
1132 3876 1189 3939 sub
1209 3872 1332 3956 imperii

145 3961 146 3966 ’
216 3963 287 4028 iure
302 3962 421 4027 remisse
438 3959 479 4040 (c.
493 3961 538 4045 2),
552 3984 671 4043 parum
692 3968 934 4027 cousentaneum
949 3968 1003 4039 est,
1019 3963 1163 4043 locusque
1179 3970 1332 4028 auctorem

219 4209 245 4275 1)
266 4208 420 4274 Fortunat,
438 4208 469 4263 V.
484 4209 616 4259 Germani
632 4223 653 4262 c.
666 4211 709 4261 30.
729 4210 772 4262 31.
846 4209 873 4274 2)
900 4208 988 4258 Locus
1012 4223 1030 4257 a
1052 4208 1175 4273 Rocerio,
1202 4209 1333 4260 Reomaus
1347 4220 1366 4259 u

213 4297 243 4346 p.
256 4282 300 4342 23,
325 4279 403 4330 Vitae
423 4280 446 4331 C
465 4281 583 4330 insertus
609 4279 666 4329 bic:
691 4294 763 4329 anno
781 4277 893 4330 Domini
918 4281 978 4345 512,
1005 4277 1080 4330 iuxta
1105 4277 1180 4344 quod
1206 4277 1235 4330 in
1261 4278 1333 4346 cyclo

218 4350 292 4403 beati
310 4348 431 4402 Victurii
456 4348 578 4418 episcopi
602 4353 763 4401 numeratur
781 4353 828 4415 (=
849 4352 901 4404 539
915 4366 945 4416 p.
966 4348 1053 4415 Cluen),
1078 4352 1128 4416 qui
1150 4351 1180 4401 in
1205 4350 1333 4401 codicum

217 4423 326 4473 minime
344 4422 448 4487 lepitur,
474 4437 507 4472 en
526 4421 594 4472 libro
612 4423 728 4488 computi
743 4422 918 4471 Romnaensis
941 4422 1100 4472 umnosterii
1122 4422 1178 4470 iam
1201 4422 1333 4487 deperite

218 4493 394 4559 interpolatus
411 4493 514 4544 viuum
532 4507 592 4558 esse,
611 4494 641 4543 in
658 4507 710 4559 quo
728 4496 808 4543 etiem
825 4493 926 4543 candui
942 4494 1098 4542 monamerii
1114 4495 1213 4543 ‘eunus
1225 4493 1335 4543 Domini

217 4564 281 4619 415’
299 4564 370 4627 (scil.
390 4562 562 4615 Victorianus
581 4588 613 4607 =
633 4566 694 4617 442.
716 4563 995 4629 pompeianum
1019 4568 1084 4615 erat.
1120 4561 1215 4614 Huius
1239 4563 1335 4614 calculi
1348 4575 1368 4616 ni

217 4642 352 4687 auctorem
370 4640 432 4687 aute
449 4650 515 4688 saec.
535 4635 612 4687 VIII.
632 4634 706 4700 med,
732 4649 783 4701 quo
801 4636 912 4685 Victmii
925 4633 1057 4701 paschale
1075 4633 1204 4685 molitum
1222 4639 1268 4698 est,
1293 4650 1334 4686 ne·

145 4772 147 4776 .
217 4722 267 4772 que
284 4722 344 4758 cero
361 4707 443 4757 multo
462 4712 522 4757 ante
539 4707 640 4771 depisse
655 4706 800 4757 uerisimile
817 4710 861 4759 est.
917 4707 944 4771 3)
964 4706 994 4756 V.
1006 4705 1064 4758 Iole.
1076 4720 1097 4757 c.
1112 4706 1153 4759 14.
1208 4706 1237 4770 4)
1258 4706 1334 4757 Ana-

218 4793 277 4828 men
295 4777 428 4829 Iobannes
453 4792 471 4826 a
491 4778 621 4843 Greporio
641 4778 850 4843 praetermissus
867 4778 897 4826 in
923 4777 1006 4827 codiee
1024 4777 1184 4841 interpolato
1204 4776 1252 4830 lo‘
1272 4776 1336 4827 libri

218 4850 247 4899 in
275 4850 316 4901 Gt.
338 4849 414 4913 Cous.
434 4854 495 4899 ante
520 4864 541 4902 c.
559 4850 603 4912 86,
629 4847 676 4898 ubi
699 4849 730 4898 cte
755 4848 878 4913 Sequano
903 4850 1003 4912 apitur,
1029 4847 1115 4898 locum
1139 4848 1196 4897 iam
1220 4853 1335 4913 occupat.

218 4922 246 4986 b)
268 4921 328 4973 AA.
342 4920 389 4973 SS.
403 4920 468 4971 Noc.
482 4920 521 4983 II,
538 4923 561 4984 l,
576 4935 606 4985 p.
620 4918 690 4987 [122]
700 4935 738 4984 sq.
794 4920 822 4984 6)
845 4919 874 4971 V.
887 4918 945 4971 Iob.
959 4933 980 4968 e.
995 4921 1035 4972 19.
1091 4919 1118 4983 7)
1139 4918 1184 4970 ‘N.
1197 4918 1335 4981 Arcusx,
1350 4932 1373 4971 m

213 5008 243 5057 p.
264 4994 307 5046 92.
379 4990 408 5060 8)
436 4991 478 5053 Cf.
497 4992 619 5055 Fortun,
638 4991 667 5043 V.
682 4989 814 5041 Germani
837 5006 858 5043 c.
872 4992 919 5044 35:
938 4986 1057 5056 Quidam
1083 4987 1198 5040 clericus
1224 4988 1336 5041 deiuxta

217 5060 384 5114 monasterio
409 5060 484 5113 beati
507 5059 631 5113 Silvestri
656 5060 684 5112 in
711 5059 940 5112 Ternoderinsem
965 5066 988 5112 et
1010 5077 1034 5126 q.
1057 5076 1079 5113 s.
1120 5060 1167 5110 Ex
1192 5060 1241 5111 boc
1266 5064 1337 5112 anti·

218 5136 345 5199 quissimo
363 5135 510 5184 testimonio
527 5133 649 5183 concludi
666 5132 731 5195 licet,
750 5132 853 5183 abbatis
869 5134 1022 5198 annumque
1037 5131 1139 5182 sedebat
1155 5133 1263 5183 nomine
1281 5148 1335 5185 mo-

217 5209 365 5256 nesterium
379 5207 472 5271 primo
489 5211 609 5255 uocatum
628 5219 687 5257 esse.
743 5205 769 5269 9)
789 5202 959 5254 Mumulinus
977 5218 1069 5253 nomen
1087 5204 1117 5252 in
1135 5201 1165 5255 V.
1179 5202 1239 5256 Iole.
1258 5218 1279 5257 c.
1295 5207 1336 5259 19.

216 5291 359 5342 perperam
378 5278 507 5341 scriptum
527 5280 571 5333 est,
646 5276 690 5340 10)
713 5273 802 5339 Grep,
821 5274 858 5325 Η.
877 5275 926 5329 Fr.
944 5274 974 5339 V,
988 5277 1013 5329 5.
1355 5290 1380 5330 ω
