3184 6800
314 1323 348 1375 1s
524 1316 648 1388 mnus
662 1316 784 1374 wass
802 1316 1031 1372 manuam
1048 1317 1158 1372 amm
1175 1315 1215 1374 11

310 1508 449 1564 votorum
468 1500 638 1565 diversitas
653 1500 811 1584 profectui
828 1494 960 1581 noceret
980 1521 1154 1582 omnesque,
1175 1501 1322 1581 quamvis
1340 1501 1439 1566 multi

310 1596 419 1670 essent,
451 1592 496 1653 ad
524 1610 593 1653 enm
623 1589 784 1670 deleqavit,
815 1590 871 1670 qni
900 1590 970 1653 Deo
999 1590 1090 1653 iurta
1119 1590 1223 1654 altare
1251 1589 1436 1656 servitmus

309 1681 445 1742 essetab
464 1677 551 1742 Aido
568 1678 710 1759 eqnsoopo
733 1679 935 1743 benedictum.
978 1678 1118 1743 Causam
1135 1678 1291 1760 propriae
1312 1678 1435 1745 ruinae

309 1767 376 1830 carn
393 1767 556 1848 perspenit
577 1789 646 1831 eam
668 1767 778 1846 fuisse,
803 1769 887 1848 quod
908 1788 1015 1831 omncs
1035 1767 1192 1832 adiuvare
1213 1767 1365 1832 voluisset
1383 1768 1435 1833 uel

239 1892 243 1899 ·
309 1855 434 1935 invitos,
464 1857 548 1920 nndc
576 1855 716 1937 undique
744 1855 951 1939 impuqnatus
973 1863 1070 1935 essct;
1101 1877 1309 1920 successorem
1331 1856 1467 1922 voluits

302 1944 543 2025 prudentiorem
572 1965 604 2008 se
633 1944 828 2009 diversitatis
857 1965 979 2008 morum
1008 1945 1234 2025 qualitatumve
1264 1945 1433 2010 bominum

309 2033 465 2097 rationein
504 2033 694 2113 babituram,
733 2054 804 2098 crim
842 2054 907 2097 non
940 2033 1049 2097 omnia
1083 2033 1227 2097 omnibus
1260 2034 1433 2100 convenire

307 2121 429 2185 monita
451 2122 629 2186 didicisset:
652 2128 735 2201 esto,
759 2122 874 2203 inquit,
898 2123 1081 2207 multiplex
1099 2124 1144 2186 ad
1161 2144 1280 2187 curam
1295 2144 1430 2202 eorum,

308 2212 367 2293 qui
390 2212 455 2275 tibi
479 2212 703 2276 oboedierinb.
754 2210 848 2276 Cavit
876 2210 984 2292 iqitar,
1015 2232 1056 2275 uc
1086 2231 1147 2291 quo
1169 2232 1237 2274 uua
1258 2213 1431 2293 eadmnqne

307 2299 433 2364 ratione
462 2321 567 2364 anives
597 2305 788 2364 tractaverat
810 2320 918 2364 errore
943 2301 1049 2364 eodem
1070 2320 1263 2364 sucessores
1284 2299 1476 2381 implica-10

307 2394 428 2451 rentur.
474 2389 562 2453 Loca
584 2395 687 2453 aretem
709 2388 739 2452 si
765 2389 935 2469 folconem,
966 2395 1001 2452 ut
1023 2389 1061 2452 in
1082 2389 1168 2452 mille
1189 2388 1282 2452 milia
1303 2388 1431 2468 fratres

307 2484 487 2557 crescerent,
511 2476 774 2542 vebenrentissime
796 2478 962 2559 coaptant

414 2566 572 2631 Scribenti
595 2566 645 2630 illi
668 2566 801 2631 nuntius
829 2566 1011 2647 sirpernenit
1039 2588 1151 2630 narrem
1175 2572 1330 2646 paratam
1361 2587 1429 2632 esse

306 2676 458 2735 narrans,
493 2675 557 2736 qna
590 2654 709 2720 invitus
741 2655 779 2720 in
812 2655 1007 2719 Hiberniam
1041 2661 1264 2736 reportaretur.
1317 2655 1430 2720 Navis

305 2745 469 2825 quaedam,
500 2765 581 2825 quae
610 2744 786 2809 Scottorum
815 2765 932 2808 meroes
960 2746 1141 2823 advenerat,
1171 2764 1293 2807 omnem
1320 2743 1429 2824 ipsius
1448 2768 1474 2808 15

304 2833 522 2914 supellectilem
544 2834 728 2915 cornitesqne
750 2839 927 2915 receperat;
948 2833 1046 2897 undis
1061 2853 1134 2896 vero
1149 2834 1194 2897 ad
1214 2831 1292 2897 litus
1308 2832 1429 2898 reiecta

298 2943 360 3003 per
378 2922 520 2989 triduum
542 2921 589 2986 ibi
610 2923 808 2987 detinebatur
825 2943 923 3002 noque
945 2922 1014 2985 oda
1029 2921 1066 2985 in
1080 2922 1180 2985 altum
1194 2921 1274 2985 dare
1286 2927 1428 3004 poterat,

299 3009 491 3091 priusquam
507 3016 607 3075 rianta
617 3032 699 3091 qnae
713 3012 758 3075 od
771 3017 916 3075 sanctum
925 3010 1130 3091 pertinebant
1140 3030 1191 3074 res
1202 3009 1400 3090 apposuisset
1406 3012 1427 3076 ¹.

304 3099 343 3162 Is
365 3099 401 3162 in
423 3098 593 3180 hospitium
613 3120 704 3163 sunm
719 3099 786 3163 iarn
802 3099 937 3180 rediens,
961 3100 1048 3163 nullo
1067 3100 1215 3178 obstante,
1233 3099 1334 3180 paulo
1351 3105 1430 3180 post

303 3189 348 3251 ad
386 3187 606 3253 Obtotbarr'um
641 3188 904 3253 Neustrasiornm
939 3209 1042 3269 reqem
1074 3186 1215 3250 transiit.
1274 3185 1428 3252 Custodes
1446 3215 1474 3254 n

304 3282 408 3340 auton
437 3275 500 3341 sibi
527 3277 775 3357 pratulabantur
798 3276 1052 3357 potentissimum
1083 3276 1174 3339 illum
1203 3275 1269 3340 Dei
1297 3296 1428 3342 servum

302 3364 448 3429 illaesum
471 3365 614 3447 evasisse,
645 3365 760 3448 dinque
788 3365 857 3431 iam
884 3366 997 3449 fnqam
1018 3365 1087 3430 eius
1109 3371 1359 3446 numanam,
1390 3365 1430 3431 id

302 3457 386 3536 qnod
413 3454 481 3536 ipse
509 3461 639 3520 testatus
664 3457 749 3520 cst2:
783 3455 830 3532 Si,
861 3455 974 3536 iuquit,
1009 3456 1142 3539 fugero,
1177 3455 1296 3519 nullus
1324 3459 1427 3521 vebat

303 3547 434 3622 castam
463 3567 542 3609 nam
567 3546 632 3609 hoo
655 3545 940 3621 videaturunus,
965 3548 1005 3608 ut
1028 3565 1093 3628 ego
1115 3544 1259 3627 fugiam.

414 3632 626 3698 Oolnmbanus
652 3633 945 3715 pereqrinationem
977 3654 1069 3697 suam
1098 3632 1213 3696 iterum
1246 3630 1427 3713 srismpiens
1445 3660 1473 3699 n

301 3741 400 3802 neque
429 3721 466 3786 in
493 3721 676 3788 Oblotbarii
704 3742 802 3804 repno
824 3720 991 3787 consistas
1013 3722 1128 3801 volens,
1158 3718 1322 3802 castiqatis
1344 3741 1427 3801 quos

301 3809 337 3874 in
367 3811 444 3876 anlu
471 3811 561 3892 reqia
590 3811 837 3891 deprelcenderat
864 3810 1036 3891 erroribus,
1067 3816 1269 3875 commeatum
1297 3829 1320 3872 a
1349 3830 1426 3892 reqc

295 3898 399 3981 petiit,
429 3905 465 3963 nt
493 3902 538 3964 ad
562 3900 812 3964 Tbendebertnm
835 3902 1073 3982 perduceretur.
1123 3898 1288 3979 Expulsus
1312 3898 1426 3979 primo

297 3994 404 4069 pentes
432 3988 565 4053 visitare
593 3988 699 4069 cisque
727 3988 926 4071 ovanqelium
951 3987 1146 4069 paedicare
1174 3986 1424 4071 desideraverat,

299 4079 355 4141 sed
383 4080 420 4143 de
449 4099 559 4142 earnm
588 4084 691 4159 tepore
720 4077 835 4142 certior
867 4077 973 4155 factus
1006 4076 1173 4142 consilium
1205 4074 1288 4139 illud
1314 4096 1425 4156 paone
1444 4104 1471 4144 so

298 4165 497 4249 abiecerat³‚·
518 4174 593 4232 tnnc
607 4167 644 4231 in
659 4166 794 4231 Indiam
812 4167 1035 4231 transceudere
1052 4164 1204 4246 cupiebat,
1222 4184 1283 4244 quo
1294 4184 1426 4245 papam

207 4256 499 4328 ·p.11.consnltnrns
533 4256 598 4321 iam
631 4256 688 4320 din
717 4254 870 4335 *abiisset
905 4254 972 4319 nisi
1005 4255 1146 4335 corporis
1178 4252 1359 4337 infimitas
1394 4260 1426 4319 et

148 4344 152 4352 '
299 4364 378 4408 cura
407 4343 678 4409 contubernalium
711 4364 841 4409 suornm
875 4342 981 4426 ipsum
1010 4342 1221 4407 retinuisset&
1267 4346 1334 4405 Iter
1357 4364 1425 4423 per

299 4431 448 4496 Parisios
477 4432 602 4511 famens
630 4432 668 4496 in
696 4432 810 4513 oppido
832 4431 995 4497 Meldensi
1028 4438 1058 4496 et
1091 4431 1127 4495 in
1160 4430 1239 4495 villa
1268 4429 1423 4497 rotnace

298 4521 409 4584 domus
435 4520 651 4586 nobilissimas
680 4524 758 4587 adeo
786 4520 850 4586 sibi
879 4520 1015 4602 fidoque
1042 4542 1120 4585 suae
1149 4518 1353 4599 derinciebat,
1386 4527 1425 4585 ut
1441 4548 1469 4589 ss

297 4629 363 4672 non
391 4610 491 4674 solnm
516 4609 643 4691 maqnis
671 4610 845 4676 bonoribus
877 4610 981 4691 ipsum
1015 4609 1198 4690 recuperent,
1232 4608 1289 4672 sed
1320 4607 1423 4674 etiam

297 4696 412 4762 liberos
438 4698 468 4763 ei
496 4700 541 4763 ad
569 4699 811 4765 benedicendum
841 4699 1000 4778 offerrent,
1030 4698 1086 4780 qui
1102 4704 1215 4779 postea
1236 4695 1328 4761 noma
1347 4718 1422 4763 con·

297 4785 374 4851 ditis
402 4787 605 4853 monasteriis
633 4788 812 4853 doctrinam
841 4788 1042 4870 reputamquc
1070 4787 1139 4851 eius
1161 4785 1276 4867 stipsi
1297 4806 1422 4869 propa·

293 4883 459 4958 paverunt.
502 4878 737 4942 Tbeudebcrtus
754 4898 820 4958 rea,
845 4879 890 4941 ad
911 4897 1001 4958 quem
1017 4882 1093 4957 post
1106 4876 1174 4940 eius
1189 4874 1310 4940 αὺίὲιιηι
1324 4876 1422 4941 multi

295 4964 362 5029 iam
390 4966 512 5045 fratres
540 4966 685 5031 Lunooio
714 4987 746 5031 se
774 4966 981 5046 contulerant,
1010 4972 1041 5030 et
1068 4965 1138 5030 loca
1167 4970 1344 5046 opportuna
1374 4966 1424 5031 ad
1439 4996 1469 5036 ιο

296 5055 526 5120 consistendum
549 5062 579 5120 et
600 5055 746 5120 nationes
771 5054 941 5139 proximas
969 5056 1014 5119 ad
1034 5053 1293 5136 praedicandum
1315 5054 1346 5118 ei
1369 5056 1423 5119 ob

294 5228 323 5365 B
338 5229 373 5349 [ab.
388 5229 594 5355 diffuso.
650 5229 679 5296 2)
694 5230 854 5282 cannam·
864 5229 980 5296 amun
991 5230 1009 5283 ι.
1024 5230 1041 5283 i.
1050 5245 1080 5295 p.
1092 5230 1152 5283 1ss.
1207 5229 1235 5297 3)
1254 5227 1299 5283 Io.
1312 5230 1422 5295 plot.

374 5318 424 5367 ,μ
492 5342 498 5355 .
