3184 6800
450 1317 577 1388 IONAS,
589 1318 712 1374 VITAE
729 1320 958 1376 GOLUMBANI
975 1321 1084 1377 LIBRI
1100 1321 1156 1379 11.-
1317 1328 1352 1381 41

229 1505 427 1584 Bobotenus,
450 1502 480 1568 si
496 1509 607 1584 poetae
628 1503 725 1568 multo
741 1503 915 1584 posteriori
937 1507 1062 1570 credere
1082 1505 1138 1585 sas
1151 1511 1205 1586 est,
1229 1507 1269 1571 ab
1284 1506 1354 1588 ipso

238 1593 437 1660 Gotomoauo
459 1593 582 1656 edoctus
604 1591 688 1657 inter
709 1591 832 1671 fratres
853 1593 980 1671 fortiter
996 1593 1146 1659 manibus
1163 1596 1355 1675 operabatur

234 1680 397 1763 similique
416 1679 554 1746 curandi
569 1679 679 1762 qratia
690 1681 838 1763 pollebat,
862 1681 910 1746 itu
927 1687 963 1745 ut
980 1682 1128 1748 monaclsi
1143 1689 1234 1747 ortus
1248 1683 1354 1765 lapide

229 1769 399 1853 praecisos
420 1768 583 1834 restituere
599 1775 707 1850 posset
714 1770 735 1832 ¹.

208 1906 219 1945 s
350 1874 563 1941 Columbanus
605 1875 813 1941 lloeudeberti
855 1897 988 1958 reqnum
1032 1876 1195 1959 inpressus
1233 1900 1355 1962 popum

233 1963 408 2047 Briepium
429 1963 599 2045 pillumque
621 1962 865 2044 Pipimisiacum
894 1965 981 2030 eirca
1010 1967 1129 2032 duobus
1156 1966 1285 2032 milibus
1314 1970 1354 2034 ab

234 2053 351 2135 oppido
385 2052 548 2117 Meldensi
585 2051 753 2118 distantem
786 2053 948 2135 ottiqerat,
983 2075 1079 2136 quam
1117 2055 1355 2138 Olcaqnericus²

234 2141 371 2207 oonoiuo
393 2140 478 2224 repis
507 2161 577 2206 oum
599 2141 811 2223 Leudequnde
838 2162 938 2207 uxore
966 2142 1176 2209 inhabitabat.
1228 2146 1280 2210 Ab
1309 2145 1355 2210 eis

234 2251 359 2296 summo
396 2250 466 2295 eum
496 2229 616 2312 quudio
650 2235 789 2312 receptus
823 2230 968 2311 omnique
1005 2232 1145 2297 subsidio
1181 2232 1355 2300 instructus

190 2351 217 2390 ιο
235 2318 443 2385 benedixerat
469 2324 564 2382 totam
594 2319 719 2383 dommi
747 2317 921 2401 liberosque
949 2319 1012 2385 sibi
1040 2321 1088 2386 ita
1122 2321 1354 2404 conciliauerat,

234 2414 271 2474 ut
291 2428 400 2472 omnes
414 2412 528 2487 postea
551 2406 693 2471 ordinem
715 2407 958 2473 eceuuostioum
979 2409 1139 2492 eleqerint.
1180 2410 1355 2494 Oltaqnoal-

236 2495 419 2577 demerim,
449 2516 539 2576 queem
568 2495 751 2560 ministrum
779 2495 845 2577 ipsi
873 2499 963 2580 apud
983 2498 1194 2580 Briqontiam
1222 2499 1355 2565 seruisse

236 2605 338 2668 supro
361 2583 606 2666 commemoraui,
637 2605 677 2649 eu
697 2585 851 2649 monacho
873 2586 1069 2652 Luuooiensi
1091 2594 1203 2668 postea
1225 2588 1354 2654 Laudu·

235 2694 367 2738 nensem
388 2672 597 2754 episcopatum
620 2674 751 2755 adeptus
766 2679 831 2755 est,·
844 2673 1120 2756 Burqundoforo⁸
1135 2682 1238 2740 autem
1252 2679 1355 2742 sedem

189 2793 217 2834 15
237 2762 435 2827 Melitensem
465 2761 635 2843 occupauit.
688 2762 837 2844 Denique
858 2762 1243 2845 Burqundofarum‚
1274 2786 1355 2846 quae

236 2852 330 2933 oulqo
354 2851 449 2915 Fora
471 2851 658 2932 appellatur,
688 2850 712 2914 i.
737 2872 762 2914 e.
788 2850 990 2934 ‘qenealoqia
1012 2852 1219 2935 qenerotio'⁴,
1276 2853 1355 2919 liam

242 2940 456 3006 Columbonus
490 2939 673 3004 benedicens
701 2939 843 3004 Domino
876 2947 1011 3022 uernat,
1046 2942 1102 3006 sed
1128 2947 1224 3022 poter
1252 2948 1356 3008 votnm

235 3028 369 3093 minime
403 3048 522 3093 curons
554 3049 624 3092 eum
657 3028 792 3092 inuitam
822 3029 921 3093 alieni
949 3031 1167 3112 desponderat.
1219 3030 1355 3096 Factum

237 3123 283 3183 est
306 3123 419 3197 ouum,
442 3123 479 3181 ut
492 3116 666 3181 Eustasius
688 3118 786 3181 abbas
801 3119 846 3182 ad
865 3116 1085 3183 Ghlotlorium
1099 3140 1203 3201 repom
1219 3141 1356 3202 perqens

189 3237 218 3276 ιο
243 3204 450 3288 Oliaqnoaldo
477 3204 586 3271 comite
613 3205 806 3288 Olcaqnerici
835 3209 960 3270 domum
985 3207 1140 3272 risitaret.
1193 3208 1257 3276 Ubi
1285 3230 1355 3273 eum

236 3295 275 3359 in
293 3295 436 3377 puellam
458 3293 624 3359 incidisset
640 3293 801 3359 oculorum
816 3295 921 3360 dolore
935 3296 1136 3379 febribusque
1151 3298 1354 3378 laborentem,

236 3384 276 3449 in
308 3388 435 3465 patrem
471 3383 665 3448 uehementer
697 3382 852 3465 inuectus,
891 3384 985 3466 qnasi
1018 3385 1122 3451 suncti
1154 3385 1356 3452 interdictum

237 3472 417 3538 violaturus
439 3478 525 3554 esset,
548 3472 604 3536 illo
627 3473 828 3553 promittente
857 3474 936 3555 fore,
967 3481 1003 3539 ut
1030 3474 1110 3539 uotis
1133 3476 1269 3557 ‘puellae
1291 3497 1356 3540 non
1375 3504 1450 3555 nse

238 3561 379 3643 emplius
415 3561 589 3642 obsisteret,
635 3560 739 3642 ipsum
776 3561 874 3641 facile
911 3564 956 3627 ad
991 3563 1160 3628 sonitutem
1196 3586 1356 3629 revocasse

190 3751 219 3790 ss
238 3739 349 3802 oestiqia
361 3739 422 3801 fert,
439 3752 507 3803 quoe
521 3751 602 3802 neque
614 3735 728 3786 librarii
742 3751 824 3802 neque
840 3737 953 3789 editores
970 3738 1128 3790 intellexisse
1138 3740 1276 3804 videmur,-
1293 3739 1356 3804 finis

238 3822 300 3861 aero
318 3810 413 3859 misere
429 3808 590 3874 moratus
614 3807 839 3873 interpolatorem
859 3816 905 3873 est,
930 3825 995 3860 uam
1017 3825 1070 3875 pro
1089 3809 1203 3862 ducibus
1227 3809 1356 3878 gentique

239 3883 349 3931 nostrae
373 3880 441 3931 siud
466 3877 535 3929 alibi
557 3880 597 3928 ito
622 3878 670 3929 lroc
687 3880 743 3930 loro
767 3878 934 3930 snibendnm
953 3886 989 3931 est
1007 3878 1121 3933 ducibus
1145 3881 1189 3933 vel
1214 3880 1356 3949 agentibus

238 3949 339 4003 nostris
358 3952 411 4013 (ita
428 3953 601 4017 praeceptum
621 3951 705 4017 prius
723 3948 890 4016 Adalwaldi)
909 3956 986 4017 atque
1003 3952 1100 4002 ultimo
1117 3952 1195 4004 onia
1214 3952 1357 4002 admodum

238 4026 361 4089 sumnia
379 4019 426 4074 sed
450 4036 501 4088 pro
523 4023 666 4087 perpetem
684 4018 844 4071 firmitatem
863 4020 938 4072 anuli
956 4020 1043 4073 nostri
1060 4021 1179 4091 sigillum
1197 4021 1292 4074 subter
1310 4021 1357 4074 ud·

192 4106 220 4145 so
238 4091 288 4160 figi
307 4090 496 4159 praecepimus
514 4091 588 4143 nudo
605 4091 681 4143 modo
702 4091 848 4155 cohaerent,
870 4092 915 4143 scd
939 4097 1113 4157 exponantur
1129 4094 1198 4143 tolio
1216 4093 1309 4159 qualia
1326 4095 1357 4143 in

239 4164 346 4215 chartis
356 4163 471 4229 Aqilulfi
488 4163 623 4228 alteroque
635 4161 791 4213 Adalnaldi
807 4164 847 4214 ita
859 4168 1046 4214 conectuntur:
1064 4163 1191 4230 quatinus
1207 4179 1257 4230 pro
1270 4163 1357 4215 salute

240 4240 268 4287 et
293 4232 442 4286 stabilitate
466 4232 545 4301 regni
569 4232 656 4284 nostri
674 4233 824 4285 Dominum
843 4232 956 4285 valeatis
977 4232 1022 4285 die
1045 4237 1182 4300 noctuque
1201 4233 1357 4301 deprecere.

239 4306 333 4357 Etiarn
352 4306 505 4357 indictionis
523 4320 651 4356 numerus
668 4304 776 4369 (VIIII
785 4321 841 4370 pro
858 4304 916 4366 XI)
939 4311 1013 4356 stare
1031 4308 1120 4371 nequit
1146 4312 1223 4372 atque
1245 4311 1358 4371 propter

239 4382 389 4442 temporum
400 4381 478 4427 notas
490 4378 560 4427 inter
572 4392 598 4427 se
609 4376 788 4427 dissentientes
800 4375 923 4427 chartam
934 4378 1006 4427 inter
1014 4378 1126 4442 spurias
1137 4378 1225 4428 reiecit
1235 4377 1357 4442 Chroust,

193 4460 220 4501 st>
239 4447 488 4512 ‘Unlersuehunqm
513 4447 579 4498 uber
595 4447 638 4497 die
655 4446 909 4512 Lonqolordisolsen
926 4447 1044 4513 Kiniqs-
1060 4449 1119 4498 und
1137 4447 1358 4514 Her·zoqsurkls.’‚

241 4519 322 4584 1888,
342 4536 372 4585 p.
387 4520 446 4584 187,
470 4518 535 4569 dum
553 4520 729 4583 quaestionem
747 4520 776 4568 in
794 4533 922 4583 suspenso
939 4519 1066 4585 relinquit
1083 4520 1114 4573 L.
1133 4518 1173 4575 Μ.
1191 4518 1357 4585 Hartmann,

240 4589 344 4642 ‘Gesclu
362 4588 483 4641 Italicus)
496 4588 536 4656 II,
555 4592 579 4654 1,
593 4591 698 4655 11275.
729 4590 855 4639 Attamen
873 4590 905 4640 de
920 4594 1035 4655 pennino
1052 4590 1136 4642 liuius
1154 4592 1293 4657 pronepti
1314 4606 1359 4641 or-

237 4667 363 4728 qummta
381 4676 439 4711 mea
458 4662 582 4727 opinione
599 4659 722 4711 dumturi
738 4661 785 4711 oin
803 4660 860 4711 licet
878 4666 956 4726 atque
973 4677 1059 4713 sermo
1076 4666 1099 4711 et
1114 4664 1205 4725 fanno
1218 4677 1277 4712 oum
1288 4664 1359 4712 ueris

239 4748 336 4798 reqnm
357 4731 598 4797 Lanqolardorum
627 4731 730 4782 chartis
754 4730 830 4781 haud
853 4746 921 4782 raro
946 4738 1069 4783 accurate
1092 4735 1256 4797 conueniunt,
1274 4732 1360 4799 ¹ueluti

190 4816 219 4854 4ο
240 4804 307 4855 loeis
329 4802 390 4854 lus:
412 4804 514 4853 ‘contra
532 4801 603 4853 hreno
621 4809 743 4854 nostrum
761 4802 909 4867 qeneroIem
924 4804 1112 4868 prueoepmm',
1139 4806 1221 4854 ‘anno
1245 4803 1359 4865 feliciter

239 4876 309 4939 (leqc
335 4874 515 4937 ‘felicissimiv
540 4876 618 4937 requi
641 4875 730 4925 nostri
749 4874 842 4939 primo
864 4889 915 4939 pu·
939 4875 1081 4925 indictione
1105 4875 1209 4940 [nono]
1227 4873 1356 4938 feliciter',

240 4946 312 4996 unde
329 4944 439 4997 chartac
456 4944 533 5009 fidem
551 4944 701 4996 habendam
719 4960 771 4995 esse
785 4959 948 5009 persuasum
966 4945 1036 4995 milii
1051 4950 1095 4997 est.
1152 4944 1178 5007 1)
1199 4944 1241 5006 Cf.
1260 4943 1359 4994 Versus

238 5018 272 5067 de
285 5015 419 5067 Bobnleno
431 5015 530 5080 oblate,
544 5014 601 5068 Ser.
614 5031 668 5068 rer.
681 5014 828 5079 Merooinq.
842 5014 861 5065 I
864 5014 894 5079 V,
906 5032 937 5081 p.
949 5018 1007 5069 155.
1063 5014 1090 5082 2)
1109 5014 1137 5067 V.
1151 5014 1267 5067 Columb.
1281 5014 1358 5075 Ι,26.

237 5086 281 5153 ΙΙ,
297 5089 322 5140 7.
376 5088 404 5151 3)
426 5086 641 5152 Burqundosaro
657 5086 783 5151 pontifex
798 5085 942 5136 Meldensis
957 5086 1035 5136 urbis
1052 5102 1109 5135 una
1127 5099 1186 5136 crem
1199 5085 1359 5136 Waunerto

189 5170 218 5209 45
238 5158 336 5210 moon
351 5156 526 5209 erootemis
544 5156 659 5207 comobii
676 5159 749 5208 testis
766 5158 862 5207 adnot
879 5157 1007 5207 miraculi
1023 5157 1053 5207 in
1069 5158 1228 5207 monasterio
1244 5156 1359 5207 Enoria·

237 5229 314 5282 correi
325 5231 441 5295 patrati,
458 5244 539 5295 mque
555 5243 617 5279 ono
635 5228 754 5291 fratrem
765 5242 824 5279 oum
837 5228 1066 5292 Bnrqundoforae
1077 5228 1161 5290 fuisse
1172 5227 1253 5279 Ionas
1265 5226 1305 5291 II,
1315 5229 1358 5289 21,

236 5301 369 5352 memus.
441 5300 468 5365 4)
491 5300 520 5354 V.
540 5299 638 5364 Woite,
658 5300 665 5327 ‘
672 5297 737 5351 VG.'
749 5298 773 5363 I,
787 5299 821 5353 81
831 5297 848 5352 ³.
