3184 6800
224 1280 259 1334 60
437 1276 562 1345 lom,
574 1276 697 1333 vl'rAs}
716 1276 947 1333 OOLUMBANI
964 1276 1074 1332 LIBRI
1090 1277 1131 1334 Π.

223 1459 320 1524 lucem
344 1459 476 1539 aspecti
527 1458 606 1524 Cum
628 1466 783 1542 quantum
811 1459 850 1524 in
878 1460 930 1525 bis
959 1458 1076 1525 studin
1102 1466 1217 1525 auctor
1240 1460 1345 1541 profe·

223 1547 302 1613 cisse
325 1547 405 1611 inibi
423 1547 577 1629 videatur,
601 1548 637 1613 in
660 1548 835 1614 annalibus
850 1547 991 1613 nostris¹
1013 1547 1120 1628 fusius
1137 1548 1342 1631 exposuerim,

223 1637 290 1701 ianr
312 1635 471 1700 monuisse
492 1636 574 1701 sotis
595 1637 665 1718 erit,
689 1637 793 1719 ipsum
816 1658 851 1702 eo
869 1636 982 1720 optime
998 1636 1146 1701 meritum
1164 1658 1241 1717 esse,
1266 1639 1345 1719 quad

223 1725 259 1788 in
288 1724 408 1788 codices
436 1723 649 1791 Britannicos
677 1732 743 1791 octo
775 1724 945 1807 diliqeuter
973 1723 1155 1807 inquisivit,
1186 1747 1204 1790 e
1234 1726 1342 1806 quibus

223 1819 286 1877 tres
308 1819 430 1876 tantum
453 1813 521 1877 noti
542 1814 623 1878 milri
645 1816 785 1895 fuerant,
816 1814 932 1896 bosque
960 1814 1101 1896 aliasque
1132 1813 1365 1895 copiosissimis

223 1900 390 1982 descripsit
422 1908 514 1984 atquc
546 1904 715 1968 multorum
748 1902 903 1968 librorum
936 1901 1110 1985 specimina
1142 1902 1341 1985 pbototqpica

223 1990 358 2069 adstulit,
389 2011 470 2070 quae
498 1991 567 2055 suis
596 1992 672 2056 locis
698 1992 792 2071 infra
815 1991 918 2056 anuli.
964 1990 1103 2056 Interim
1132 2012 1242 2055 omnes
1269 2012 1340 2072 quas

223 2079 376 2143 citaverat
398 2079 518 2145 codices
541 2082 588 2144 oet
610 2080 645 2160 ii,
676 2083 714 2145 de
736 2101 870 2162 quorum
892 2086 977 2145 tectu
1006 2079 1122 2145 certior
1143 2080 1253 2160 factus
1281 2101 1339 2144 nou

223 2173 300 2246 erat,
325 2167 372 2231 ita
395 2189 479 2232 nunc
502 2168 680 2233 euanrinati
702 2175 785 2249 ssrnt,
809 2169 904 2234 utin
926 2170 1042 2234 classes
1061 2176 1191 2234 nostras
1210 2168 1339 2233 describi

217 2256 388 2337 potuerint,
423 2278 632 2339 maqnumque
663 2279 771 2322 eorum
803 2279 970 2323 numerum
1002 2256 1115 2338 adieci,
1151 2257 1208 2338 qui
1241 2257 1339 2339 ipsum
1355 2283 1372 2323 ιο

222 2344 383 2425 saperent,
407 2352 500 2426 atque
522 2367 613 2426 spero
634 2347 713 2427 fore,
737 2346 851 2411 atain
864 2347 965 2411 ullum
982 2345 1266 2427 praetermiserim,
1290 2345 1340 2426 qui

222 2433 259 2497 in
282 2433 435 2514 cotaloqis
456 2433 551 2499 editis
572 2442 785 2500 enumeratur.

329 2523 362 2586 A
382 2521 438 2601 la)
468 2521 572 2587 Codes
591 2523 889 2605 Sanqallcnsis
911 2545 944 2588 n.
961 2528 1036 2603 553,
1059 2522 1184 2601 formae
1208 2529 1339 2603 octavae,

217 2632 253 2692 p.
270 2617 344 2691 227,
369 2633 390 2675 a
410 2610 558 2693 pluribus
580 2612 727 2677 librariis
749 2633 831 2677 saec.
850 2612 895 2675 X.
918 2610 966 2676 in.
990 2617 1151 2692 exaratus,
1181 2633 1200 2675 e
1222 2612 1341 2676 duabus

215 2700 369 2784 partibus
391 2706 519 2781 constat,
543 2718 679 2782 quarum
700 2701 793 2781 prior
813 2700 1005 2766 Columbaria
1023 2699 1249 2781 discipulisque
1266 2699 1340 2781 eius,
1358 2723 1386 2765 rs

216 2789 376 2871 posterior
403 2790 436 2853 S.
466 2789 584 2854 Gallo²
612 2790 719 2855 dicata
745 2796 800 2870 est,
832 2795 925 2871 utque
955 2788 1051 2854 etiam
1079 2788 1116 2852 in
1139 2788 1254 2870 priore
1283 2790 1342 2853 duo

223 2876 352 2941 librarii-
374 2877 593 2959 distinquendi
614 2885 697 2958 sunt,
721 2899 792 2943 curu
815 2877 895 2943 liber
910 2877 963 2942 ΙΙ.
983 2877 1071 2941 baud
1085 2875 1135 2941 ita
1156 2878 1255 2941 multo
1270 2883 1345 2961 post

223 2965 389 3030 accessisse
422 2966 577 3031 uideatur.
632 2967 805 3047 Utrumque
839 2967 876 3031 V.
916 2964 1105 3032 Columbani
1142 2964 1261 3030 librum
1298 2966 1344 3031 ito

224 3054 408 3134 dispositum
432 3056 526 3119 codeu
548 3054 688 3119 exbibet:

200 3208 206 3220 ‚
332 3143 380 3222 ⁸p.
401 3149 549 3206 2—118.
591 3144 627 3208 V.
657 3143 845 3209 Galumbani
874 3165 944 3209 cum
975 3141 1181 3223 carminibus,
1212 3162 1346 3223 quorum
1362 3168 1386 3209 rc

224 3232 358 3295 alterum
380 3230 459 3308 folia
481 3232 584 3297 cansa
607 3232 824 3313 imperfectum
846 3238 900 3313 est,

325 3341 361 3402 p.
382 3326 570 3384 119—132.
604 3321 639 3385 V.
664 3321 804 3387 Ariane
827 3320 892 3402 (H,
914 3319 1027 3402 1-s),

324 3431 360 3490 p.
383 3416 570 3474 132—139.
602 3411 639 3475 V.
663 3411 804 3491 Bertulrt
829 3407 896 3489 (II,
914 3408 983 3491 23),

325 3519 361 3579 p.
381 3505 570 3562 139-150.
589 3501 641 3565 De
658 3501 835 3565 monachis
851 3500 1103 3564 Ebobiensibus
1121 3495 1188 3579 (ΙΙ,
1201 3503 1257 3562 24.
1275 3497 1345 3580 25),

223 3586 424 3667 subsequente
453 3587 700 3672 subscriptione:
729 3589 882 3673 Explicit
911 3588 1051 3653 libellus
1081 3588 1125 3652 de
1147 3589 1222 3653 vila
1252 3609 1346 3653 sano·
1364 3613 1386 3654 rs

223 3678 337 3739 borum
376 3680 514 3760 patrum
554 3677 777 3752 Columbini,
817 3677 959 3754 Abalae,
999 3677 1144 3742 Bertrolfi
1182 3676 1239 3742 vel
1278 3699 1346 3741 mo·

224 3765 413 3827 nachorum
437 3785 565 3828 eorum.

330 3852 474 3917 Alterius
488 3852 589 3934 iqitur·
603 3853 680 3918 libri
691 3875 773 3938 pars
787 3853 895 3919 media
906 3852 1106 3918 desideratur
1122 3848 1192 3934 (ΙΙ,
1206 3854 1345 3937 7-22),

224 3939 343 4006 scilicet
364 3941 400 4005 V.
417 3941 564 4006 Eustasii
586 3964 656 4007 cum
679 3942 847 4007 miraculis
861 3941 1139 4023 Erariacensibus,
1162 3962 1234 4006 cunr
1250 3943 1347 4007 cadero

224 4032 269 4094 ad
281 4029 363 4095 salos
377 4030 551 4096 Bobieuses
566 4032 692 4096 abbates
706 4031 935 4113 monachosque
949 4035 1069 4112 spectet.
1104 4029 1205 4095 Liber
1213 4029 1346 4114 primus
1363 4056 1386 4096 a

224 4140 245 4182 a
274 4118 411 4184 librario
434 4121 535 4201 paulo
565 4119 731 4184 uetustiore
753 4121 923 4184 admodum
945 4124 1092 4184 accurate
1114 4124 1269 4183 sacratus
1290 4124 1344 4200 est,

222 4205 311 4289 isque
333 4207 370 4271 in
392 4208 595 4273 describendo
617 4230 683 4273 non
705 4207 820 4287 defecit
841 4207 908 4272 nisi
930 4228 1017 4287 raro,
1042 4207 1143 4288 plura
1167 4206 1287 4273 scilicet
1308 4207 1345 4271 in

217 4295 338 4377 primis
365 4295 501 4376 popinis
533 4298 649 4361 mendo
682 4297 875 4362 committeus
908 4316 1003 4378 quarn
1037 4295 1075 4360 in
1102 4293 1344 4377 posterioribus.

227 4383 344 4447 Teutus
366 4389 478 4463 postea
500 4390 657 4448 correctus
679 4390 731 4466 est,
762 4384 923 4466 scriptura
943 4383 1143 4466 primiqeuia
1165 4404 1270 4465 erasa,
1302 4390 1345 4448 at·

224 4491 282 4550 que
305 4469 458 4534 eiusmodi
480 4472 626 4536 lectiones
642 4472 737 4537 initio
755 4473 836 4538 satis
850 4473 967 4537 multae
982 4472 1144 4555 paulatim
1166 4479 1344 4538 rarescunt.
1362 4499 1386 4539 se

226 4559 310 4622 Sunt
331 4565 436 4623 autem
458 4581 480 4623 a
502 4560 653 4641 pluribus
675 4560 823 4626 librariis
844 4561 963 4642 illotae,
995 4582 1011 4626 e
1033 4560 1148 4643 quibus
1171 4583 1256 4626 unus
1277 4561 1346 4640 fere

224 4646 368 4728 aequalis
389 4654 566 4714 atramento
593 4649 741 4730 fusciorc,
765 4649 958 4733 posteriores
982 4648 1157 4733 pallidiore
1185 4649 1239 4714 usi
1261 4657 1344 4715 sunt.

332 4754 517 4836 Scripturas
538 4755 694 4838 specinnn
717 4755 805 4821 dedit
825 4756 958 4821 Lanlor
981 4757 1043 4821 tab.
1062 4757 1094 4820 I.

330 4861 471 4927 Eaedem
500 4861 646 4928 lectiones
674 4862 830 4944 multoque
853 4863 966 4944 plures
995 4861 1132 4927 eiusdem
1159 4861 1288 4942 qeneris
1310 4860 1347 4925 in

224 4949 381 5015 codicibus
396 4951 537 5016 nonullis
552 4950 633 5015 libro
649 4950 811 5031 primario
827 4952 859 5015 A
876 4959 915 5015 la
933 4951 1014 5015 sutis
1030 4948 1223 5033 propinquis
1242 4960 1386 5031 occur-:rc

224 5046 309 5119 runt,
333 5061 462 5121 cumque
483 5039 721 5121 interpolatoris
742 5061 843 5105 manu
865 5045 1000 5104 exarata
1023 5038 1075 5104 bic
1095 5038 1241 5103 erbibeat
1258 5059 1346 5103 voca-

225 5246 251 5305 ll
271 5249 314 5302 ίΝ.
331 5249 423 5302 Arcu!
439 5250 548 5315 XXIX,
562 5267 592 5316 p.
604 5251 756 5306 ses-463.
817 5251 845 5315 2)
867 5250 924 5304 Sor.
940 5264 995 5304 rer.
1012 5248 1158 5314 Murum.
1170 5247 1191 5298 I
1194 5247 1226 5312 V,
1241 5264 1271 5314 p.
1284 5249 1346 5303 240.
