3184 6800
329 1307 383 1360 366
570 1302 694 1373 IONAS,
709 1304 806 1358 VITA
819 1304 1008 1360 VEDASTIS
1026 1304 1208 1361 EPISGOPL

329 1507 422 1552 snum
442 1486 588 1569 pontibus
610 1486 783 1552 timendum
805 1486 976 1568 demiserit,
998 1509 1066 1552 rem
1088 1487 1238 1553 ecclesiae
1259 1487 1418 1553 Gallicanae
1488 1516 1503 1577 ‚-

329 1596 428 1658 neque
457 1575 555 1641 unius
585 1575 724 1641 civitatis
750 1581 825 1640 tunc
847 1582 952 1640 actam
974 1597 1039 1641 esse
1061 1576 1270 1656 manifestam
1292 1583 1334 1642 est
1354 1582 1420 1657 anne
1494 1606 1520 1642 ,-

328 1663 382 1729 ius
405 1663 541 1746 episcopi
564 1664 624 1730 loci
646 1664 791 1729 illaesum
814 1686 944 1729 manere
965 1665 1101 1746 debebat,
1125 1687 1181 1730 seu
1200 1665 1422 1730 Turonensiscn

330 1752 481 1818 Remensi
504 1775 559 1818 seu
581 1753 667 1819 alius
689 1752 828 1818 civitatis
846 1753 1029 1835 baptisterio
1051 1756 1232 1819 utebantur.
1276 1752 1423 1836 Greporiu
1493 1805 1505 1843 ,Γ

329 1863 443 1908 nmueu
477 1842 538 1907 loci
571 1842 700 1907 omniuo
731 1841 991 1926 praetermittens
1024 1842 1249 1922 difficultatem
1282 1843 1446 1922 manifestos
1487 1891 1489 1924 ξ

257 1978 260 1982 ι
329 1931 467 1996 evitavit.
519 1931 660 2014 Quodsi
682 1931 827 1996 Turonos
849 1931 1073 2012 anteposueris,
1104 1930 1268 1997 silentmm
1291 1931 1356 1996 eius
1376 1951 1424 1996 cvn-
1515 2000 1520 2022 ⁴

330 2023 500 2086 tenderunt
513 2020 668 2102 explicari
683 2041 748 2085 non
761 2041 874 2101 posse,
895 2021 952 2085 sed
965 2020 995 2084 si
1010 2020 1134 2102 Remos,
1158 2022 1260 2085 altum
1274 2018 1426 2086 vencstirris
1509 2085 1520 2112 F

331 2108 502 2193 biopraplci
513 2108 653 2191 Remipii
668 2109 830 2174 silentium
845 2109 950 2173 eodem
964 2110 1054 2173 modo
1068 2108 1296 2192 inexplicabile
1311 2115 1360 2190 est,
1375 2105 1426 2173 etsi
1499 2139 1502 2154 τ

331 2219 363 2262 a.
377 2204 452 2262 496.
466 2199 655 2283 baptismum
670 2197 865 2278 attribuetis,
881 2197 942 2262 iter
953 2197 1161 2263 Oblodoveclci
1172 2197 1348 2281 Greporius
1356 2217 1426 2279 prae·
1504 2194 1507 2200 ’

331 2286 503 2351 termisisse
514 2286 712 2353 convincitur
724 2288 768 2351 ad
778 2288 895 2366 urbem,
913 2286 965 2351 cui
979 2286 1048 2370 ipse
1057 2293 1169 2368 postea
1178 2293 1341 2369 praeerat.
1364 2286 1427 2350 Ean
1439 2309 1454 2345 n
1489 2336 1493 2369 Ξ

331 2382 435 2440 autern
458 2397 553 2457 auam
576 2379 613 2441 cle
637 2375 788 2456 baptismo
812 2374 980 2440 enarravit
996 2374 1163 2440 historiam
1183 2397 1255 2440 cum
1273 2375 1427 2441 auctoribus
1502 2405 1506 2415 ¹

332 2465 519 2545 mqualibus
547 2471 765 2549 comparatam
796 2463 916 2546 apertis
945 2463 1107 2529 erroribus
1137 2465 1287 2530 laborare
1316 2462 1427 2528 vidium

332 2574 431 2634 neque
454 2554 593 2619 auctoris
611 2555 691 2633 rides
710 2552 836 2618 cervari
852 2559 980 2634 poterat
993 2551 1060 2617 nisi
1075 2553 1243 2635 inpeuiosa
1264 2553 1304 2619 G.
1321 2550 1427 2617 Kurtl1

332 2641 520 2723 coniectura,
545 2642 662 2708 scilicet
679 2642 783 2723 ipsum
800 2663 869 2706 cum
885 2641 954 2706 alia
969 2648 1035 2705 tum
1049 2642 1127 2707 baec
1142 2644 1187 2707 aa
1206 2640 1427 2707 Oblodovectnn
1507 2671 1509 2680 ·

331 2731 507 2812 spectantia
529 2753 568 2796 erc
591 2731 666 2795 Vita
684 2728 826 2812 Remipii
844 2730 940 2795 multo
963 2730 1117 2812 ampliore
1139 2751 1235 2812 quam
1259 2752 1339 2813 quae
1359 2725 1454 2794 bodico
1493 2760 1516 2812 s'

332 2825 419 2884 eutat
439 2819 674 2902 deprompsisse.
713 2821 769 2884 Ita
790 2819 946 2900 Greporio
963 2840 1019 2884 suo
1042 2819 1187 2898 fabuloso
1209 2820 1428 2899 ficudanuntnn
1515 2850 1517 2855 >

325 2909 474 2990 paravit,
510 2931 570 2991 quo
604 2908 769 2974 enarratio
807 2907 897 2972 illius
934 2908 994 2973 bac
1032 2908 1068 2973 in
1099 2914 1198 2992 parte
1235 2915 1311 2973 ante
1346 2907 1428 2994 ipsun
1507 2961 1509 2985 ,

333 2998 468 3062 carebat.
514 2999 618 3080 Atque
641 2998 724 3063 banc
747 2997 958 3062 coniecturam
987 3003 1053 3061 tam
1078 2996 1291 3079 pertinaciter
1313 2992 1428 3067 retinnit,

333 3087 566 3168 obloquentibus
595 3085 739 3150 omnibns
768 3086 818 3150 rei
848 3085 995 3168 peritis2,
1030 3092 1065 3150 ut
1092 3085 1190 3166 facile
1220 3087 1376 3152 intellectu
1394 3080 1429 3157 st,
1510 3132 1520 3174 ,3

333 3196 428 3256 quarn
452 3177 618 3257 desperata
641 3196 692 3240 res
714 3174 816 3256 ipsius
839 3180 923 3255 esset,
948 3173 978 3238 si
1001 3196 1070 3240 eam
1093 3175 1288 3240 dimissurus
1309 3176 1395 3255 foret.
1442 3187 1458 3224 ²⁰
1501 3201 1520 3262 ,n

441 3283 598 3347 Stanclum
621 3281 722 3364 ipitur
745 3288 790 3346 est
812 3281 849 3346 in
871 3282 947 3345 urbe
967 3281 1147 3346 Turonensi
1162 3287 1256 3363 atque
1278 3281 1317 3346 in
1332 3271 1432 3346 Niceti

333 3371 528 3452 anctoritate,
567 3392 627 3454 auo
666 3370 816 3436 vetustior
849 3373 886 3435 cte
921 3370 1069 3451 baptismi
1103 3371 1168 3436 loco
1203 3377 1315 3436 auctor
1347 3368 1432 3436 natu
1516 3398 1520 3437 r

333 3460 499 3541 reperitur,
530 3460 644 3542 auique
667 3460 724 3525 boc
752 3460 855 3542 ipsius
878 3459 1089 3524 testimonium
1112 3460 1309 3540 arpumentis
1331 3460 1434 3542 qutun·
1518 3492 1520 3519 ι

334 3548 407 3612 libet
430 3549 585 3630 abrepare
608 3549 671 3613 sibi
693 3549 849 3630 videntur,
873 3547 918 3612 iis
934 3549 1108 3628 praeclara
1130 3548 1196 3613 viri
1218 3569 1328 3614 rerum
1348 3549 1435 3614 Mur-

333 3637 544 3719 minpicarum
566 3660 663 3719 usque
681 3640 725 3702 acl
746 3644 889 3702 nostrum
908 3659 1019 3701 aevum
1036 3637 1240 3701 scientissimi
1262 3640 1359 3703 verba
1380 3637 1464 3703 anttb
1509 3662 1515 3697 ε

335 3727 437 3790 oculos
446 3747 567 3807 ponere
583 3728 656 3791 libet
670 3728 746 3791 laec
757 3729 780 3791 ³:
795 3728 965 3810 Equidem
983 3728 1041 3790 vix
1060 3728 1266 3791 crediderim
1278 3728 1437 3793 Nicetium

334 3817 508 3880 hominem
538 3819 658 3881 tantae
689 3818 894 3901 prudentiae
925 3837 965 3879 ae
995 3817 1186 3898 dignitatis,
1218 3817 1279 3899 qui
1309 3816 1438 3881 Ohlodo·

333 3925 434 3969 veum
458 3906 574 3970 videre
599 3927 684 3990 puer
708 3906 832 3989 potuit,
858 3905 977 3968 stubi
1001 3905 1195 3989 baptizatus
1218 3906 1346 3971 fuisset
1369 3907 1438 3969 scire

333 4015 402 4057 non
427 3995 538 4057 solum
563 3996 694 4071 debuit,
720 3996 779 4058 sed
804 3995 909 4058 etiam
929 3994 1044 4057 videre
1062 3994 1183 4071 voluit,
1209 4014 1290 4058 cum
1309 3995 1440 4059 Ohlodo·

334 4204 360 4269 1)
381 4203 793 4269 G.Kunvnt.l.11,p.236².
861 4204 889 4268 2)
911 4203 967 4254 Eos
984 4218 1140 4255 enumcrare
1158 4203 1267 4268 lvnpum
1285 4211 1331 4258 est.
1363 4199 1470 4255 Etiant⁰

338 4274 368 4326 V.
387 4273 507 4325 Severini
525 4276 701 4338 Amenanus,
726 4290 808 4341 quam
832 4290 886 4326 non
903 4275 990 4325 solum
1008 4275 1190 4325 Bollandiani
1213 4281 1238 4325 et
1255 4275 1291 4329 A.
1313 4275 1382 4340 Girp
1405 4271 1441 4338 (t.

333 4345 391 4397 Ser.
404 4361 458 4398 rer.
472 4346 570 4399 Merov.
581 4347 636 4411 III,
646 4363 675 4411 p.
688 4349 752 4405 685)
765 4361 864 4397 mmmm
877 4346 1100 4411 improbaverant,
1113 4346 1158 4397 scd
1169 4348 1250 4397 etiam
1263 4346 1297 4399 L.
1311 4347 1443 4405 Ducbcsm,

334 4414 444 4466 ‘Fastis'
458 4416 499 4483 II,
524 4434 553 4482 p.
566 4420 627 4481 479,
653 4420 682 4466 in
708 4417 820 4467 dubium
843 4422 980 4467 vocaverat
998 4424 1077 4483 atque
1095 4417 1123 4468 0.
1136 4416 1254 4483 Narbep,
1276 4418 1443 4485 ‘Suppllmmt

333 4503 392 4537 auvc
404 4487 592 4539 Bollandistes'
600 4490 623 4552 I,
632 4505 662 4554 p.
672 4488 752 4551 VIII,
765 4488 804 4553 II,
813 4504 842 4553 p.
855 4491 879 4553 1,
893 4489 936 4538 vir
948 4504 1040 4539 rerum
1052 4503 1183 4539 novarum
1193 4503 1259 4538 sanc
1271 4490 1379 4540 alienus
1386 4501 1444 4557 part

333 4558 422 4621 fictam
446 4560 671 4619 condemnaverat,
698 4560 765 4611 idem
791 4562 834 4609 vir
851 4561 1042 4623 sapacissimus
1063 4558 1095 4611 G.
1109 4559 1201 4610 Kurtlv
1221 4559 1237 4611 l.
1257 4560 1276 4612 l.
1297 4559 1337 4624 II,
1351 4577 1381 4626 p.
1394 4555 1475 4619 26Ὶρ5

333 4630 472 4692 defendere
491 4646 574 4681 ausus
586 4638 631 4696 est,
645 4631 771 4695 fraudem
783 4631 985 4682 obstinatissime
996 4646 1105 4695 nepans.
1132 4629 1177 4679 Ea
1188 4646 1257 4695 quae
1269 4631 1301 4681 de
1313 4634 1446 4682 recentiori

338 4701 367 4754 V.
387 4702 531 4765 Genovefae
550 4705 653 4767 criptae
672 4702 735 4753 otim
753 4707 915 4752 concesserat
933 4703 1026 4751 omnia
1050 4704 1106 4751 iam
1123 4703 1259 4764 revocavit,
1285 4703 1397 4765 fatiter
1413 4718 1447 4753 rc-

333 4778 453 4822 trorsum
478 4774 582 4823 rediens
606 4775 766 4824 animalium
791 4773 961 4837 quarundam
985 4772 1109 4837 exemplo.
1148 4771 1223 4833 baca
1246 4773 1354 4835 famam
1372 4788 1447 4825 meam

332 4845 413 4908 pravi
431 4844 574 4910 oppobrio
595 4844 645 4895 bac
664 4846 797 4895 occasione
823 4844 973 4909 temptabat,
999 4845 1079 4909 quasi
1095 4849 1254 4908 arpumenta
1272 4847 1394 4897 auctoris
1411 4845 1448 4897 ob·

333 4914 415 4979 soleti,
433 4930 508 4980 quern
527 4931 567 4965 me
584 4932 638 4967 non
656 4918 803 4980 tpnvrasse,
823 4916 870 4966 sul
887 4916 1007 4966 consulto
1021 4916 1194 4981 praeteriisse
1211 4917 1377 4982 scripseram
1395 4916 1449 4981 (SS.
1463 4916 1482 4953 4⁰

333 5000 387 5038 rer.
407 4987 505 5040 Merav.
525 4987 582 5053 III,
603 4989 678 5052 686),
706 4987 799 5037 ‘tacite'
818 4987 971 5051 depromere
995 4986 1152 5051 dedipnatus
1177 5001 1231 5036 nan
1249 5002 1344 5051 esseni,
1367 4991 1451 5040 virum

334 5056 456 5122 alioquin
473 5073 528 5109 non
546 5059 735 5123 inhumanum,
761 5058 871 5124 reliquis
889 5057 1017 5107 subsidiis
1034 5057 1222 5120 deficientibus,
1248 5059 1286 5108 ad
1304 5060 1453 5111 calumnias

334 5131 483 5194 consecuisse
507 5134 623 5181 statuere
647 5130 739 5193 nolim,
766 5129 811 5179 sed
835 5130 866 5180 de
892 5129 981 5179 tacitis
1005 5129 1134 5179 eiusmodi
1157 5129 1257 5180 studiis
1282 5132 1453 5183 adversarius

334 5214 406 5250 meus
428 5216 530 5266 parum
557 5203 653 5252 tacitus
678 5202 755 5251 tacite
780 5201 885 5266 quidem
903 5214 957 5251 nou
974 5199 1043 5250 idem
1065 5201 1162 5251 sentire
1180 5200 1286 5251 videtin·
1305 5209 1386 5269 atque
1404 5219 1455 5270 epo.

335 5268 361 5334 3)
382 5271 510 5338 Valesius,
531 5272 583 5324 Res
599 5272 747 5323 Francicae
766 5272 790 5336 I,
807 5288 836 5336 p.
850 5272 911 5324 262.
1471 5275 1493 5314 ⁴⁵
