3184 6800
322 1323 358 1377 a
534 1316 795 1387 massana
814 1313 1042 1371 coemam
1059 1315 1169 1372 anna
1186 1315 1228 1375 11.

322 1500 441 1567 dicitur
462 1499 668 1580 sospitemque
689 1498 789 1564 matri
814 1498 1050 1580 commendarat,
1081 1500 1178 1565 douec
1206 1522 1228 1565 a
1256 1499 1487 1566 charncou

322 1588 450 1655 rediens
468 1587 626 1669 relipiosis
643 1587 779 1652 aestibus
796 1608 867 1652 earn
884 1587 1038 1652 indueret.
1077 1587 1177 1652 Pater
1193 1609 1268 1654 aaa
1284 1580 1483 1671 potuita·

322 1677 419 1743 tionis
438 1697 511 1741 mou
529 1676 642 1741 oblitus
664 1675 795 1757 nuptias
817 1675 883 1740 iam
900 1696 1024 1757 parare
1040 1677 1185 1741 duravit.
1224 1679 1317 1760 Quod
1331 1664 1481 1765 puello

323 1771 479 1847 cornperta
493 1786 563 1829 cum
578 1764 663 1830 socia
680 1765 724 1829 ad
738 1763 903 1829 basilicam
920 1764 954 1828 S.
969 1764 1060 1829 Part
1074 1765 1272 1831 Meldensem
1288 1762 1475 1850 confupffll,

323 1874 452 1936 cuncpue
474 1853 522 1919 oel
543 1874 578 1918 eo
600 1852 670 1935 ipso
692 1854 757 1918 loco
774 1852 871 1934 pueri
893 1875 915 1918 a
931 1859 1027 1934 patre
1048 1852 1141 1918 missi
1163 1861 1294 1920 mortem
1315 1855 1356 1921 in
1375 1866 1495 1922 ccum

321 1943 529 2022 intenderent,
559 1941 733 2007 Erutasius
761 1962 923 2023 repressus
951 1941 1056 2023 ipsam
1086 1941 1233 2009 liberauit
1261 1950 1358 2026 alque
1384 1955 1473 2027 per

327 2031 553 2097 Gundoaldnm
567 2030 658 2096 urbis
671 2029 762 2095 illius
777 2029 962 2113 pontificem
976 2030 1081 2095 sacrc's
1094 2031 1230 2097 aestibus
1243 2032 1470 2124 induendum⁸

323 2118 456 2186 curauit.
513 2120 602 2185 Tunc
630 2119 858 2184 monasterinm
887 2117 1050 2200 cirpinum
1079 2120 1260 2186 Enoriacas
1288 2122 1339 2186 ool
1369 2123 1468 2187 Bri·

320 2208 446 2292 pensc1,
464 2214 576 2290 postea
598 2229 636 2272 eu
658 2214 787 2273 sanctae
810 2206 937 2272 nornine
955 2207 1067 2272 Farae
1088 2209 1326 2291 monmurium,
1352 2205 1467 2277 bodie

322 2296 562 2363 Faremoutiers
595 2296 801 2378 appellatum,
835 2295 874 2359 in
903 2297 968 2360 solo
995 2303 1133 2378 paterno
1162 2297 1372 2378 aedificatum
1401 2296 1495 2366 esto

322 2406 491 2467 curamque
531 2384 728 2465 aedificandi
768 2384 942 2449 Eustasius
981 2385 1145 2450 nunacbis
1185 2387 1319 2469 duobus,
1363 2388 1463 2455 ΟΜ·

320 2475 457 2556 pnoaldo
479 2473 597 2540 scilicet
624 2472 726 2552 fratri
750 2474 876 2554 puellae
898 2480 927 2537 et
951 2474 1158 2555 Waldeberto,
1188 2475 1348 2541 commisit
1377 2491 1462 2543 una

322 2584 391 2628 cum
425 2563 536 2645 repula
569 2563 718 2627 docenda.
775 2562 900 2626 Domus
909 2563 930 2642 ²,
966 2584 1026 2643 quo
1064 2562 1166 2628 tribus
1203 2563 1295 2629 ostiis
1334 2566 1475 2631 maus,

315 2653 454 2734 patebat,
485 2658 514 2716 et
543 2651 638 2716 cellas
667 2656 696 2715 et
724 2650 947 2716 dormitorium
976 2672 1136 2717 commune
1164 2653 1463 2735 comprehendebat

321 2761 420 2822 neque
435 2741 545 2805 bortus
560 2742 676 2820 deerat,
699 2738 736 2804 in
751 2760 812 2821 quo
831 2740 918 2804 olera
940 2741 986 2804 ad
1003 2740 1170 2822 coquinam
1192 2743 1382 2809 necessaria
1404 2740 1459 2810 ab
1485 2750 1514 2795 1⁶

321 2828 401 2910 apsis
423 2829 602 2912 oirpinibus
625 2828 808 2894 colebantur
814 2850 826 2909 ,·
849 2833 945 2893 totum
960 2834 1065 2894 annu
1078 2829 1308 2895 monasterium
1322 2833 1460 2914 saeptis

321 2919 369 2983 ael
391 2919 474 2982 oallo
502 2917 694 2999 cinpebatur,
723 2938 805 2999 quac
834 2916 1045 2982 transiliendo
1074 2917 1193 2983 riolari
1221 2940 1288 2984 nou
1317 2920 1455 2987 licebat.

321 3005 581 3087 Burpundofara
609 3012 711 3070 mater
738 3006 920 3088 oirpinibus
942 3013 1097 3087 praeerat
1128 3006 1256 3089 aliaque
1291 3009 1459 3076 cellariae

321 3115 450 3158 munere
486 3095 689 3175 funpcbatur.
756 3093 835 3159 Oura
873 3094 1052 3159 abbatissae
1088 3096 1181 3174 fama
1215 3097 1344 3178 passim
1382 3113 1461 3180 per·

327 3181 456 3246 Gallias
485 3188 578 3263 atque
606 3181 701 3246 etiam
725 3203 787 3264 per
815 3183 1016 3249 Britannias
1046 3186 1262 3266 celebraretur,
1291 3203 1460 3268 proceres
1498 3196 1519 3236 ²

322 3290 387 3335 non
424 3271 524 3334 solum
561 3271 782 3352 Francorum,
825 3273 881 3336 sed
917 3271 1013 3336 etiam
1049 3273 1315 3355 Auplosaaonum
1352 3276 1463 3356 filias

321 3358 513 3424 erudiendas
546 3380 585 3425 oc
617 3380 730 3441 sponso
765 3359 890 3426 caelesti
922 3360 1102 3443 iunpeudas
1135 3361 1201 3444 ipsi
1234 3365 1455 3446 tradebant³,

320 3447 369 3512 ita
397 3455 432 3512 ul
460 3447 601 3530 oirpincs
629 3450 745 3515 multae
774 3471 809 3515 eo
839 3451 1042 3531 confluerent,
1072 3451 1224 3532 inprimis
1253 3475 1269 3517 e
1298 3454 1463 3532 familiis·

321 3536 478 3601 nobilibus
513 3544 609 3602 ortae.
667 3539 824 3603 Instituta
861 3538 1055 3605 coenobialia
1092 3563 1114 3605 a
1143 3541 1325 3625 praeceptis
1360 3562 1463 3625 puae

320 3625 484 3690 monacbis
505 3626 574 3691 suis
593 3626 806 3693 Columbauus
829 3629 958 3693 dederat
973 3649 1095 3710 parum
1116 3628 1317 3707 differebant.
1362 3632 1460 3698 oou-
1511 3640 1519 3678 ²

320 3714 489 3794 sessionem
512 3717 600 3796 apud
627 3723 760 3781 matrem
789 3715 931 3798 oirpines
959 3719 1188 3800 expromebant,
1220 3739 1300 3800 puae
1324 3721 1459 3804 paeni*

321 3802 451 3867 tentiam
474 3806 519 3868 ad
540 3805 683 3885 rapulam
701 3806 905 3885 peccantibus
926 3805 1093 3887 irropabat
1115 3829 1136 3871 a
1159 3827 1286 3890 corpore
1301 3804 1461 3874 Domini

320 3890 386 3955 iam
409 3891 589 3973 seprepatis.
636 3893 748 3958 Etiam
771 3893 935 3959 cotidiana
965 3894 1078 3960 delicta
1107 3896 1145 3960 iu
1174 3896 1373 3980 capitatione,
1404 3898 1458 3963 ira

319 4000 469 4061 sermone,
494 3980 530 4045 in
553 4002 644 4062 opere
667 3982 833 4048 commissa
849 3983 993 4063 confiteri
1008 3986 1174 4066 oportebat,
1194 3992 1300 4067 terque
1315 3987 1447 4068 cotidie,

318 4068 400 4133 sicut
433 4076 503 4135 erat
536 4077 565 4134 et
597 4071 785 4136 monasterii
819 4078 848 4136 et
881 4072 1008 4154 repulae
1042 4076 1243 4155 cousuetudo,
1272 4096 1336 4155 per
1371 4098 1455 4141 con*
1514 4082 1519 4117 ³

318 4158 487 4236 fossionem
520 4180 608 4224 mens
631 4161 864 4242 purpabatur4.
922 4160 1001 4226 Cum
1036 4160 1228 4228 Columbaria
1261 4163 1340 4229 bina
1370 4186 1451 4230 con-

319 4246 417 4326 fessio
451 4246 625 4325 suffecisset
658 4248 811 4330 tertiaque
844 4272 866 4313 a
899 4248 1029 4314 Donato
1063 4250 1176 4317 addita
1209 4258 1303 4333 esset,
1342 4253 1449 4318 buius

319 4337 461 4417 rapulam
483 4335 520 4400 in
542 4337 733 4402 monasterio
751 4337 968 4403 'Enoriacensi
990 4361 1012 4404 a
1033 4338 1213 4422 cirpinibus
1241 4341 1446 4407 obseroatam

319 4443 385 4487 esse
418 4444 457 4487 ea
490 4424 547 4489 lcoc
584 4425 648 4489 loco
682 4426 827 4491 concludi
861 4426 940 4491 licet.
998 4428 1180 4493 Missurum
1212 4430 1380 4496 sollemnia
1418 4453 1438 4495 a

320 4511 471 4576 monacbo
495 4514 742 4595 celebrabantur,
766 4535 826 4596 puo
855 4537 985 4580 munere
1007 4517 1109 4581 Ionas
1139 4519 1298 4600 quondam
1327 4519 1437 4601 suupe·
1515 4526 1519 4555 ²

320 4599 421 4681 batur,
446 4600 549 4682 eisque
571 4600 831 4685 Burpuudofara
860 4626 929 4668 cum
958 4604 1156 4684 famularum
1185 4606 1312 4689 callepio
1342 4607 1437 4673 inter·

319 4694 397 4752 ercet.
444 4688 574 4771 Virpini
599 4692 808 4757 moribundae
831 4693 973 4774 reliquae
996 4716 1065 4759 mm
1087 4701 1188 4760 matre
1211 4697 1256 4759 ad
1276 4717 1438 4778 supremos

319 4776 451 4842 bonnas
467 4782 681 4861 praestandos
704 4783 842 4846 aderant
856 4784 1088 4865 psallentesque
1111 4784 1254 4849 animam
1277 4793 1439 4851 meantem

320 5004 345 5073 1)
365 5006 450 5071 Beda,
468 5006 539 5065 Htst¹
558 5008 616 5061 cccl.
636 5007 690 5073 III,
704 5010 737 5063 8:
756 5006 784 5060 in
802 5009 977 5077 monasterio,
996 5009 1070 5078 quod
1088 5010 1165 5064 inre
1187 5010 1247 5064 'one
1265 5010 1438 5067 Francorum

319 5080 505 5129 constructum
531 5082 572 5130 est
596 5078 630 5130 ab
654 5078 791 5131 abbatissa
815 5079 983 5132 nobilissima
1001 5082 1135 5134 vocabulo
1178 5098 1226 5134 ara
1249 5081 1278 5134 in
1303 5084 1366 5137 loco
1393 5084 1439 5154 qai
1504 5088 1519 5103 ²

318 5145 419 5199 dicitur
440 5148 468 5200 in
487 5146 578 5217 Brige.
651 5151 678 5216 2)
704 5150 734 5203 V.
755 5151 868 5205 columb.
888 5151 928 5217 II,
944 5154 1061 5207 11—22.
1134 5153 1161 5223 3)
1184 5155 1267 5219 Beda,
1286 5155 1362 5211 Htst.
1381 5158 1438 5209 eod.

318 5217 375 5280 III,
394 5220 419 5273 8.
468 5219 659 5273 Willcstctudac
688 5237 722 5273 ca
749 5237 842 5286 ponere
869 5223 1041 5275 Saccumum
1068 5224 1151 5277 Ionas
1177 5225 1281 5293 11,17,
1310 5230 1438 5287 meminit,

318 5290 346 5354 4)
367 5287 397 5343 V.
417 5290 534 5347 Columb.
552 5291 593 5357 II,
608 5295 648 5347 19.
