<?xml version="1.0" encoding="UTF-8"?>
<!DOCTYPE html PUBLIC "-//W3C//DTD XHTML 1.0 Transitional//EN"
    "http://www.w3.org/TR/xhtml1/DTD/xhtml1-transitional.dtd">
<html xmlns="http://www.w3.org/1999/xhtml" xml:lang="en" lang="en">
 <head>
  <title>
</title>
<meta http-equiv="Content-Type" content="text/html;charset=utf-8" />
  <meta name='ocr-system' content='tesseract 3.04.00' />
  <meta name='ocr-capabilities' content='ocr_page ocr_carea ocr_par ocr_line ocrx_word'/>
</head>
<body>
  <div class='ocr_page' id='page_1' title='image "./ionaevitaesanct00jonagoog_0313.png"; bbox 0 0 3184 6800; ppageno 0'>
   <div class='ocr_carea' id='block_1_1' title="bbox 327 2138 1325 2399">
    <p class='ocr_par' dir='ltr' id='par_1_1' title="bbox 327 2138 1325 2399">
     <span class='ocr_line' id='line_1_1' title="bbox 506 2138 1325 2245; baseline 0.012 -10"><span class='ocrx_word' id='word_1_1' title='bbox 506 2138 666 2236; x_wconf 85' lang='lat' dir='ltr'><strong>VITA</strong></span> <span class='ocrx_word' id='word_1_2' title='bbox 701 2138 1039 2236; x_wconf 87' lang='lat' dir='ltr'>VEDASTIS</span> <span class='ocrx_word' id='word_1_3' title='bbox 1320 2231 1325 2245; x_wconf 78' lang='grc'><strong><em>,</em></strong></span> 
     </span>
     <span class='ocr_line' id='line_1_2' title="bbox 327 2300 1222 2399; baseline -0.003 0"><span class='ocrx_word' id='word_1_4' title='bbox 327 2300 650 2399; x_wconf 82' lang='lat' dir='ltr'><em>EPISCOPI</em></span> <span class='ocrx_word' id='word_1_5' title='bbox 686 2301 1222 2399; x_wconf 83' lang='lat' dir='ltr'><em>ATREBATENSIS.</em></span> 
     </span>
    </p>
   </div>
   <div class='ocr_carea' id='block_1_2' title="bbox 189 2532 1336 4227">
    <p class='ocr_par' dir='ltr' id='par_1_2' title="bbox 189 2532 1336 4227">
     <span class='ocr_line' id='line_1_3' title="bbox 303 2532 1336 2628; baseline 0.002 -18"><span class='ocrx_word' id='word_1_6' title='bbox 303 2532 410 2612; x_wconf 73' lang='lat' dir='ltr'><em>*Vita</em></span> <span class='ocrx_word' id='word_1_7' title='bbox 429 2547 596 2613; x_wconf 80' lang='lat' dir='ltr'><em>Veclostis²</em></span> <span class='ocrx_word' id='word_1_8' title='bbox 613 2546 771 2626; x_wconf 83' lang='lat' dir='ltr'><em>uetustior,</em></span> <span class='ocrx_word' id='word_1_9' title='bbox 788 2546 874 2610; x_wconf 92' lang='lat' dir='ltr'><em>inter</em></span> <span class='ocrx_word' id='word_1_10' title='bbox 883 2546 1118 2628; x_wconf 88' lang='lat' dir='ltr'><em>pretiosissimo</em></span> <span class='ocrx_word' id='word_1_11' title='bbox 1133 2553 1336 2612; x_wconf 90' lang='lat' dir='ltr'><em>monumenta</em></span> 
     </span>
     <span class='ocr_line' id='line_1_4' title="bbox 189 2635 1335 2721; baseline -0.002 -19"><span class='ocrx_word' id='word_1_12' title='bbox 189 2635 463 2721; x_wconf 76' lang='lat' dir='ltr'><em>bapioprapliica</em></span> <span class='ocrx_word' id='word_1_13' title='bbox 486 2638 577 2718; x_wconf 76' lang='lat' dir='ltr'><em>culpo</em></span> <span class='ocrx_word' id='word_1_14' title='bbox 600 2641 795 2716; x_wconf 86' lang='lat' dir='ltr'><em>enumerata,</em></span> <span class='ocrx_word' id='word_1_15' title='bbox 828 2656 927 2716; x_wconf 82' lang='lat' dir='ltr'><em>neque</em></span> <span class='ocrx_word' id='word_1_16' title='bbox 953 2658 974 2700; x_wconf 94' lang='lat' dir='ltr'><em>a</em></span> <span class='ocrx_word' id='word_1_17' title='bbox 998 2635 1108 2700; x_wconf 88' lang='lat' dir='ltr'><em>clerico</em></span> <span class='ocrx_word' id='word_1_18' title='bbox 1130 2635 1335 2700; x_wconf 84' lang='lat' dir='ltr'><em>Atrebatensi</em></span> 
     </span>
     <span class='ocr_line' id='line_1_5' title="bbox 189 2723 1335 2810; baseline -0.004 -18"><span class='ocrx_word' id='word_1_19' title='bbox 189 2747 309 2810; x_wconf 80' lang='lat' dir='ltr'><em>neque</em></span> <span class='ocrx_word' id='word_1_20' title='bbox 327 2747 407 2790; x_wconf 89' lang='lat' dir='ltr'><em>socc.</em></span> <span class='ocrx_word' id='word_1_21' title='bbox 433 2726 490 2791; x_wconf 84' lang='lat' dir='ltr'><em>VI.</em></span> <span class='ocrx_word' id='word_1_22' title='bbox 509 2724 681 2806; x_wconf 88' lang='lat' dir='ltr'><em>composita</em></span> <span class='ocrx_word' id='word_1_23' title='bbox 704 2745 769 2788; x_wconf 85' lang='lat' dir='ltr'><em>esse</em></span> <span class='ocrx_word' id='word_1_24' title='bbox 786 2730 897 2805; x_wconf 82' lang='lat' dir='ltr'><em>potest,</em></span> <span class='ocrx_word' id='word_1_25' title='bbox 922 2746 998 2788; x_wconf 95' lang='lat' dir='ltr'><em>nam</em></span> <span class='ocrx_word' id='word_1_26' title='bbox 1021 2730 1132 2788; x_wconf 78' lang='lat' dir='ltr'><em>auctor</em></span> <span class='ocrx_word' id='word_1_27' title='bbox 1146 2723 1335 2788; x_wconf 78' lang='lat' dir='ltr'><em>Atrebatum</em></span> 
     </span>
     <span class='ocr_line' id='line_1_6' title="bbox 189 2808 1334 2895; baseline -0.002 -15"><span class='ocrx_word' id='word_1_28' title='bbox 189 2819 318 2882; x_wconf 87' lang='lat' dir='ltr'><em>urbem</em></span> <span class='ocrx_word' id='word_1_29' title='bbox 349 2815 396 2879; x_wconf 91' lang='lat' dir='ltr'><em>oel</em></span> <span class='ocrx_word' id='word_1_30' title='bbox 426 2813 574 2895; x_wconf 80' lang='lat' dir='ltr'><em>oppidem</em></span> <span class='ocrx_word' id='word_1_31' title='bbox 606 2812 756 2878; x_wconf 81' lang='lat' dir='ltr'><em>‘eandem’</em></span> <span class='ocrx_word' id='word_1_32' title='bbox 781 2812 822 2892; x_wconf 84' lang='lat' dir='ltr'><em>(c.</em></span> <span class='ocrx_word' id='word_1_33' title='bbox 849 2812 886 2893; x_wconf 84' lang='grc'><em>8)</em></span> <span class='ocrx_word' id='word_1_34' title='bbox 910 2813 958 2877; x_wconf 88' lang='lat' dir='ltr'><em>uel</em></span> <span class='ocrx_word' id='word_1_35' title='bbox 982 2812 1081 2877; x_wconf 83' lang='lat' dir='ltr'><em>‘illud&#39;</em></span> <span class='ocrx_word' id='word_1_36' title='bbox 1106 2808 1144 2893; x_wconf 91' lang='lat' dir='ltr'><em>(o.</em></span> <span class='ocrx_word' id='word_1_37' title='bbox 1171 2811 1204 2895; x_wconf 82' lang='lat'><em>9)</em></span> <span class='ocrx_word' id='word_1_38' title='bbox 1235 2833 1334 2894; x_wconf 80' lang='lat' dir='ltr'><em>nequo</em></span> 
     </span>
     <span class='ocr_line' id='line_1_7' title="bbox 190 2901 1333 2983; baseline -0.004 -13"><span class='ocrx_word' id='word_1_39' title='bbox 190 2904 313 2971; x_wconf 85' lang='lat' dir='ltr'><em>‘banc&#39;</em></span> <span class='ocrx_word' id='word_1_40' title='bbox 345 2903 392 2967; x_wconf 88' lang='lat' dir='ltr'><em>nel</em></span> <span class='ocrx_word' id='word_1_41' title='bbox 423 2901 498 2967; x_wconf 83' lang='lat' dir='ltr'><em>‘boc’</em></span> <span class='ocrx_word' id='word_1_42' title='bbox 531 2903 697 2983; x_wconf 91' lang='lat' dir='ltr'><em>appellans</em></span> <span class='ocrx_word' id='word_1_43' title='bbox 730 2901 886 2983; x_wconf 74' lang='lat' dir='ltr'><em>indipena</em></span> <span class='ocrx_word' id='word_1_44' title='bbox 919 2901 1050 2966; x_wconf 93' lang='lat' dir='ltr'><em>minime</em></span> <span class='ocrx_word' id='word_1_45' title='bbox 1083 2901 1246 2965; x_wconf 78' lang='lat' dir='ltr'><em>habendus</em></span> <span class='ocrx_word' id='word_1_46' title='bbox 1279 2907 1333 2983; x_wconf 87' lang='lat' dir='ltr'><em>est,</em></span> 
     </span>
     <span class='ocr_line' id='line_1_8' title="bbox 189 2989 1333 3074; baseline -0.003 -16"><span class='ocrx_word' id='word_1_47' title='bbox 189 3013 341 3074; x_wconf 76' lang='lat' dir='ltr'><em>cumque</em></span> <span class='ocrx_word' id='word_1_48' title='bbox 365 2993 466 3056; x_wconf 87' lang='lat' dir='ltr'><em>Ionae</em></span> <span class='ocrx_word' id='word_1_49' title='bbox 489 2991 654 3072; x_wconf 77' lang='lat' dir='ltr'><em>peculiare</em></span> <span class='ocrx_word' id='word_1_50' title='bbox 677 2989 861 3055; x_wconf 75' lang='lat' dir='ltr'><em>elocutionis</em></span> <span class='ocrx_word' id='word_1_51' title='bbox 888 3011 987 3072; x_wconf 76' lang='lat' dir='ltr'><em>penus</em></span> <span class='ocrx_word' id='word_1_52' title='bbox 1010 2989 1057 3053; x_wconf 95' lang='lat' dir='ltr'><em>ita</em></span> <span class='ocrx_word' id='word_1_53' title='bbox 1079 2991 1260 3054; x_wconf 85' lang='lat' dir='ltr'><em>subsecutus</em></span> <span class='ocrx_word' id='word_1_54' title='bbox 1281 2989 1333 3072; x_wconf 87' lang='lat' dir='ltr'><em>sit,</em></span> 
     </span>
     <span class='ocr_line' id='line_1_9' title="bbox 189 3078 1335 3163; baseline -0.004 -14"><span class='ocrx_word' id='word_1_55' title='bbox 189 3091 234 3149; x_wconf 92' lang='lat' dir='ltr'><em>ut</em></span> <span class='ocrx_word' id='word_1_56' title='bbox 262 3083 356 3163; x_wconf 86' lang='lat' dir='ltr'><em>apucl</em></span> <span class='ocrx_word' id='word_1_57' title='bbox 376 3087 542 3161; x_wconf 82' lang='lat' dir='ltr'><em>utrumque</em></span> <span class='ocrx_word' id='word_1_58' title='bbox 565 3079 647 3144; x_wconf 82' lang='lat' dir='ltr'><em>idem</em></span> <span class='ocrx_word' id='word_1_59' title='bbox 670 3079 861 3144; x_wconf 93' lang='lat' dir='ltr'><em>miraculum</em></span> <span class='ocrx_word' id='word_1_60' title='bbox 880 3079 1003 3161; x_wconf 75' lang='lat' dir='ltr'><em>lepatur</em></span> <span class='ocrx_word' id='word_1_61' title='bbox 1017 3078 1129 3142; x_wconf 86' lang='lat' dir='ltr'><em>iisclem</em></span> <span class='ocrx_word' id='word_1_62' title='bbox 1147 3079 1215 3158; x_wconf 81' lang='lat' dir='ltr'><em>fere</em></span> <span class='ocrx_word' id='word_1_63' title='bbox 1230 3078 1335 3144; x_wconf 89' lang='lat' dir='ltr'><em>uerbis</em></span> 
     </span>
     <span class='ocr_line' id='line_1_10' title="bbox 189 3167 1335 3250; baseline -0.003 -15"><span class='ocrx_word' id='word_1_64' title='bbox 189 3175 408 3250; x_wconf 87' lang='lat' dir='ltr'><em>enarratum,</em></span> <span class='ocrx_word' id='word_1_65' title='bbox 433 3190 513 3233; x_wconf 86' lang='lat' dir='ltr'><em>saec.</em></span> <span class='ocrx_word' id='word_1_66' title='bbox 539 3169 620 3233; x_wconf 87' lang='lat' dir='ltr'><em>VH.</em></span> <span class='ocrx_word' id='word_1_67' title='bbox 646 3174 703 3232; x_wconf 94' lang='lat' dir='ltr'><em>out</em></span> <span class='ocrx_word' id='word_1_68' title='bbox 718 3174 831 3250; x_wconf 91' lang='lat' dir='ltr'><em>postea</em></span> <span class='ocrx_word' id='word_1_69' title='bbox 854 3169 991 3249; x_wconf 78' lang='lat' dir='ltr'><em>clepebat.</em></span> <span class='ocrx_word' id='word_1_70' title='bbox 1037 3167 1124 3231; x_wconf 85' lang='lat' dir='ltr'><em>Erat</em></span> <span class='ocrx_word' id='word_1_71' title='bbox 1145 3167 1246 3249; x_wconf 75' lang='lat' dir='ltr'><em>ipitur</em></span> <span class='ocrx_word' id='word_1_72' title='bbox 1268 3167 1335 3232; x_wconf 87' lang='lat' dir='ltr'><em>nisi</em></span> 
     </span>
     <span class='ocr_line' id='line_1_11' title="bbox 189 3256 1334 3344; baseline -0.002 -21"><span class='ocrx_word' id='word_1_73' title='bbox 189 3261 278 3344; x_wconf 86' lang='lat' dir='ltr'><em>ipse</em></span> <span class='ocrx_word' id='word_1_74' title='bbox 300 3257 488 3323; x_wconf 79' lang='lat' dir='ltr'><em>Columbani</em></span> <span class='ocrx_word' id='word_1_75' title='bbox 511 3257 714 3339; x_wconf 69' lang='lat' dir='ltr'><em>biopropbus</em></span> <span class='ocrx_word' id='word_1_76' title='bbox 739 3263 820 3322; x_wconf 91' lang='lat' dir='ltr'><em>certe</em></span> <span class='ocrx_word' id='word_1_77' title='bbox 843 3256 1085 3321; x_wconf 90' lang='lat' dir='ltr'><em>imitatoreius.</em></span> <span class='ocrx_word' id='word_1_78' title='bbox 1129 3256 1207 3322; x_wconf 74' lang='lat' dir='ltr'><em>Oum</em></span> <span class='ocrx_word' id='word_1_79' title='bbox 1230 3263 1334 3321; x_wconf 89' lang='lat' dir='ltr'><em>autem</em></span> 
     </span>
     <span class='ocr_line' id='line_1_12' title="bbox 189 3345 1334 3428; baseline -0.002 -15"><span class='ocrx_word' id='word_1_80' title='bbox 189 3353 337 3427; x_wconf 85' lang='lat' dir='ltr'><em>constet,</em></span> <span class='ocrx_word' id='word_1_81' title='bbox 363 3348 478 3411; x_wconf 88' lang='lat' dir='ltr'><em>Ionam</em></span> <span class='ocrx_word' id='word_1_82' title='bbox 495 3347 645 3411; x_wconf 84' lang='lat' dir='ltr'><em>Amando</em></span> <span class='ocrx_word' id='word_1_83' title='bbox 669 3345 810 3427; x_wconf 91' lang='lat' dir='ltr'><em>episcopo</em></span> <span class='ocrx_word' id='word_1_84' title='bbox 829 3347 873 3410; x_wconf 83' lang='lat' dir='ltr'><em>acl</em></span> <span class='ocrx_word' id='word_1_85' title='bbox 894 3347 989 3426; x_wconf 76' lang='lat' dir='ltr'><em>ficiem</em></span> <span class='ocrx_word' id='word_1_86' title='bbox 1012 3345 1223 3411; x_wconf 76' lang='lat' dir='ltr'><em>christianam</em></span> <span class='ocrx_word' id='word_1_87' title='bbox 1239 3367 1334 3428; x_wconf 93' lang='lat' dir='ltr'><em>prae·</em></span> 
     </span>
     <span class='ocr_line' id='line_1_13' title="bbox 190 3434 1334 3516; baseline -0.003 -12"><span class='ocrx_word' id='word_1_88' title='bbox 190 3439 385 3504; x_wconf 81' lang='lat' dir='ltr'><em>dicandam</em></span> <span class='ocrx_word' id='word_1_89' title='bbox 409 3436 595 3500; x_wconf 81' lang='lat' dir='ltr'><em>adiunctum</em></span> <span class='ocrx_word' id='word_1_90' title='bbox 618 3456 683 3499; x_wconf 94' lang='lat' dir='ltr'><em>non</em></span> <span class='ocrx_word' id='word_1_91' title='bbox 705 3436 805 3499; x_wconf 91' lang='lat' dir='ltr'><em>solum</em></span> <span class='ocrx_word' id='word_1_92' title='bbox 830 3435 971 3500; x_wconf 81' lang='lat' dir='ltr'><em>Scaldim</em></span> <span class='ocrx_word' id='word_1_93' title='bbox 994 3434 1138 3516; x_wconf 78' lang='lat' dir='ltr'><em>fluuium,</em></span> <span class='ocrx_word' id='word_1_94' title='bbox 1162 3435 1334 3500; x_wconf 81' lang='lat' dir='ltr'><em>sedetiam</em></span> 
     </span>
     <span class='ocr_line' id='line_1_14' title="bbox 195 3523 1335 3605; baseline -0.005 -11"><span class='ocrx_word' id='word_1_95' title='bbox 195 3525 387 3594; x_wconf 80' lang='lat' dir='ltr'><em>Scarbeam</em></span> <span class='ocrx_word' id='word_1_96' title='bbox 410 3524 515 3589; x_wconf 84' lang='lat' dir='ltr'><em>riuum</em></span> <span class='ocrx_word' id='word_1_97' title='bbox 538 3523 706 3605; x_wconf 75' lang='lat' dir='ltr'><em>naoipasse</em></span> <span class='ocrx_word' id='word_1_98' title='bbox 735 3545 769 3587; x_wconf 90' lang='lat' dir='ltr'><em>eo</em></span> <span class='ocrx_word' id='word_1_99' title='bbox 797 3530 941 3605; x_wconf 85' lang='lat' dir='ltr'><em>tempore,</em></span> <span class='ocrx_word' id='word_1_100' title='bbox 972 3544 1032 3605; x_wconf 81' lang='lat' dir='ltr'><em>quo</em></span> <span class='ocrx_word' id='word_1_101' title='bbox 1061 3524 1098 3588; x_wconf 95' lang='lat' dir='ltr'><em>in</em></span> <span class='ocrx_word' id='word_1_102' title='bbox 1126 3523 1335 3589; x_wconf 77' lang='lat' dir='ltr'><em>Columboni²</em></span> 
     </span>
     <span class='ocr_line' id='line_1_15' title="bbox 204 3612 1334 3694; baseline -0.004 -12"><span class='ocrx_word' id='word_1_103' title='bbox 204 3615 294 3682; x_wconf 90' lang='lat' dir='ltr'><em>Vita</em></span> <span class='ocrx_word' id='word_1_104' title='bbox 319 3613 523 3678; x_wconf 83' lang='lat' dir='ltr'><em>clescribeucla</em></span> <span class='ocrx_word' id='word_1_105' title='bbox 540 3620 706 3694; x_wconf 86' lang='lat' dir='ltr'><em>occupatus</em></span> <span class='ocrx_word' id='word_1_106' title='bbox 721 3620 799 3694; x_wconf 86' lang='lat' dir='ltr'><em>erat,</em></span> <span class='ocrx_word' id='word_1_107' title='bbox 816 3612 838 3677; x_wconf 89' lang='lat' dir='ltr'><em>i.</em></span> <span class='ocrx_word' id='word_1_108' title='bbox 856 3635 880 3677; x_wconf 93' lang='lat' dir='ltr'><em>e.</em></span> <span class='ocrx_word' id='word_1_109' title='bbox 899 3612 985 3677; x_wconf 89' lang='lat' dir='ltr'><em>circa</em></span> <span class='ocrx_word' id='word_1_110' title='bbox 1001 3636 1032 3676; x_wconf 92' lang='lat' dir='ltr'><em>o.</em></span> <span class='ocrx_word' id='word_1_111' title='bbox 1050 3619 1123 3694; x_wconf 81' lang='lat'><em>642,</em></span> <span class='ocrx_word' id='word_1_112' title='bbox 1147 3613 1334 3678; x_wconf 81' lang='lat' dir='ltr'><em>Atrebatum</em></span> 
     </span>
     <span class='ocr_line' id='line_1_16' title="bbox 193 3701 1335 3784; baseline -0.003 -15"><span class='ocrx_word' id='word_1_113' title='bbox 193 3704 321 3770; x_wconf 88' lang='lat' dir='ltr'><em>urbem</em></span> <span class='ocrx_word' id='word_1_114' title='bbox 345 3705 389 3766; x_wconf 87' lang='lat' dir='ltr'><em>acl</em></span> <span class='ocrx_word' id='word_1_115' title='bbox 411 3703 542 3766; x_wconf 85' lang='lat' dir='ltr'><em>eundem</em></span> <span class='ocrx_word' id='word_1_116' title='bbox 572 3701 678 3765; x_wconf 87' lang='lat' dir='ltr'><em>riuum</em></span> <span class='ocrx_word' id='word_1_117' title='bbox 705 3701 801 3766; x_wconf 91' lang='lat' dir='ltr'><em>sitam</em></span> <span class='ocrx_word' id='word_1_118' title='bbox 824 3701 953 3783; x_wconf 76' lang='lat' dir='ltr'><em>naoipio</em></span> <span class='ocrx_word' id='word_1_119' title='bbox 976 3707 1051 3765; x_wconf 92' lang='lat' dir='ltr'><em>tunc</em></span> <span class='ocrx_word' id='word_1_120' title='bbox 1072 3701 1170 3781; x_wconf 90' lang='lat' dir='ltr'><em>focile</em></span> <span class='ocrx_word' id='word_1_121' title='bbox 1193 3701 1335 3784; x_wconf 75' lang='lat' dir='ltr'><em>attipisse</em></span> 
     </span>
     <span class='ocr_line' id='line_1_17' title="bbox 189 3789 1334 3875; baseline -0.002 -19"><span class='ocrx_word' id='word_1_122' title='bbox 189 3797 343 3875; x_wconf 78' lang='lat' dir='ltr'><em>poterat.</em></span> <span class='ocrx_word' id='word_1_123' title='bbox 395 3792 500 3872; x_wconf 77' lang='lat' dir='ltr'><em>Quare</em></span> <span class='ocrx_word' id='word_1_124' title='bbox 528 3789 610 3854; x_wconf 85' lang='lat' dir='ltr'><em>mibi</em></span> <span class='ocrx_word' id='word_1_125' title='bbox 639 3789 764 3871; x_wconf 77' lang='lat' dir='ltr'><em>quidem</em></span> <span class='ocrx_word' id='word_1_126' title='bbox 788 3811 978 3870; x_wconf 91' lang='lat' dir='ltr'><em>persuasum</em></span> <span class='ocrx_word' id='word_1_127' title='bbox 1009 3795 1062 3869; x_wconf 85' lang='lat' dir='ltr'><em>est,</em></span> <span class='ocrx_word' id='word_1_128' title='bbox 1093 3790 1334 3854; x_wconf 84' lang='lat' dir='ltr'><em>similitudinem</em></span> 
     </span>
     <span class='ocr_line' id='line_1_18' title="bbox 198 3877 1332 3962; baseline -0.004 -15"><span class='ocrx_word' id='word_1_129' title='bbox 198 3902 292 3960; x_wconf 85' lang='lat' dir='ltr'><em>eam,</em></span> <span class='ocrx_word' id='word_1_130' title='bbox 317 3901 397 3962; x_wconf 81' lang='lat' dir='ltr'><em>qnae</em></span> <span class='ocrx_word' id='word_1_131' title='bbox 420 3880 506 3944; x_wconf 91' lang='lat' dir='ltr'><em>inter</em></span> <span class='ocrx_word' id='word_1_132' title='bbox 527 3885 694 3959; x_wconf 81' lang='lat' dir='ltr'><em>utramque</em></span> <span class='ocrx_word' id='word_1_133' title='bbox 717 3878 823 3943; x_wconf 84' lang='lat' dir='ltr'><em>Vitam</em></span> <span class='ocrx_word' id='word_1_134' title='bbox 841 3877 1015 3957; x_wconf 80' lang='lat' dir='ltr'><em>intercedit,</em></span> <span class='ocrx_word' id='word_1_135' title='bbox 1039 3878 1115 3942; x_wconf 88' lang='lat' dir='ltr'><em>incle</em></span> <span class='ocrx_word' id='word_1_136' title='bbox 1133 3885 1235 3943; x_wconf 93' lang='lat' dir='ltr'><em>ortam</em></span> <span class='ocrx_word' id='word_1_137' title='bbox 1257 3899 1332 3959; x_wconf 84' lang='lat' dir='ltr'><em>esse,</em></span> 
     </span>
     <span class='ocr_line' id='line_1_19' title="bbox 200 3968 1334 4053; baseline -0.003 -19"><span class='ocrx_word' id='word_1_138' title='bbox 200 3971 296 4053; x_wconf 84' lang='lat' dir='ltr'><em>quod</em></span> <span class='ocrx_word' id='word_1_139' title='bbox 317 3974 451 4049; x_wconf 81' lang='lat' dir='ltr'><em>utraque</em></span> <span class='ocrx_word' id='word_1_140' title='bbox 480 3969 584 4032; x_wconf 81' lang='lat' dir='ltr'><em>eodem</em></span> <span class='ocrx_word' id='word_1_141' title='bbox 612 3968 681 4047; x_wconf 87' lang='lat' dir='ltr'><em>fere</em></span> <span class='ocrx_word' id='word_1_142' title='bbox 704 3973 838 4048; x_wconf 87' lang='lat' dir='ltr'><em>tempore</em></span> <span class='ocrx_word' id='word_1_143' title='bbox 868 3968 908 4031; x_wconf 94' lang='lat' dir='ltr'><em>ab</em></span> <span class='ocrx_word' id='word_1_144' title='bbox 934 3988 998 4030; x_wconf 94' lang='lat' dir='ltr'><em>uno</em></span> <span class='ocrx_word' id='word_1_145' title='bbox 1021 3968 1184 4048; x_wconf 82' lang='lat' dir='ltr'><em>eodemque</em></span> <span class='ocrx_word' id='word_1_146' title='bbox 1207 3974 1334 4032; x_wconf 92' lang='lat' dir='ltr'><em>auctore</em></span> 
     </span>
     <span class='ocr_line' id='line_1_20' title="bbox 203 4054 1331 4139; baseline -0.004 -16"><span class='ocrx_word' id='word_1_147' title='bbox 203 4056 342 4124; x_wconf 83' lang='lat' dir='ltr'><em>conclita</em></span> <span class='ocrx_word' id='word_1_148' title='bbox 357 4063 410 4137; x_wconf 82' lang='lat' dir='ltr'><em>est,</em></span> <span class='ocrx_word' id='word_1_149' title='bbox 427 4061 683 4139; x_wconf 81' lang='lat' dir='ltr'><em>arpumcntaque,</em></span> <span class='ocrx_word' id='word_1_150' title='bbox 702 4076 783 4137; x_wconf 80' lang='lat' dir='ltr'><em>quae</em></span> <span class='ocrx_word' id='word_1_151' title='bbox 798 4062 871 4120; x_wconf 91' lang='lat' dir='ltr'><em>ante</em></span> <span class='ocrx_word' id='word_1_152' title='bbox 886 4054 943 4120; x_wconf 81' lang='lat' dir='ltr'><em>lios</em></span> <span class='ocrx_word' id='word_1_153' title='bbox 958 4075 1062 4119; x_wconf 94' lang='lat' dir='ltr'><em>annos</em></span> <span class='ocrx_word' id='word_1_154' title='bbox 1069 4076 1303 4139; x_wconf 90' lang='lat' dir='ltr'><em>proposueram</em></span> <span class='ocrx_word' id='word_1_155' title='bbox 1310 4057 1331 4137; x_wconf 80' lang='lat'><em>³,</em></span> 
     </span>
     <span class='ocr_line' id='line_1_21' title="bbox 203 4142 1333 4227; baseline -0.003 -15"><span class='ocrx_word' id='word_1_156' title='bbox 203 4148 259 4212; x_wconf 86' lang='lat' dir='ltr'><em>uel</em></span> <span class='ocrx_word' id='word_1_157' title='bbox 283 4145 465 4210; x_wconf 84' lang='lat' dir='ltr'><em>aduersarii</em></span> <span class='ocrx_word' id='word_1_158' title='bbox 488 4145 550 4209; x_wconf 93' lang='lat' dir='ltr'><em>mei</em></span> <span class='ocrx_word' id='word_1_159' title='bbox 573 4145 857 4227; x_wconf 72' lang='lat' dir='ltr'><em>approbaverunt4.</em></span> <span class='ocrx_word' id='word_1_160' title='bbox 904 4142 1111 4225; x_wconf 79' lang='lat' dir='ltr'><em>Bioprapbus</em></span> <span class='ocrx_word' id='word_1_161' title='bbox 1140 4146 1179 4208; x_wconf 94' lang='lat' dir='ltr'><em>ab</em></span> <span class='ocrx_word' id='word_1_162' title='bbox 1211 4144 1333 4225; x_wconf 81' lang='lat' dir='ltr'><em>enpecli·</em></span> 
     </span>
    </p>
   </div>
   <div class='ocr_carea' id='block_1_3' title="bbox 207 4342 1332 5336">
    <p class='ocr_par' dir='ltr' id='par_1_3' title="bbox 207 4342 1332 5336">
     <span class='ocr_line' id='line_1_22' title="bbox 210 4342 1331 4416; baseline -0.002 -19"><span class='ocrx_word' id='word_1_163' title='bbox 210 4348 239 4416; x_wconf 90' lang='lat'><em>1)</em></span> <span class='ocrx_word' id='word_1_164' title='bbox 259 4346 305 4397; x_wconf 90' lang='lat' dir='ltr'><em>Ita</em></span> <span class='ocrx_word' id='word_1_165' title='bbox 324 4362 416 4397; x_wconf 89' lang='lat' dir='ltr'><em>nomeu</em></span> <span class='ocrx_word' id='word_1_166' title='bbox 437 4348 587 4412; x_wconf 82' lang='lat' dir='ltr'><em>antiquitus</em></span> <span class='ocrx_word' id='word_1_167' title='bbox 605 4344 770 4396; x_wconf 77' lang='lat' dir='ltr'><em>scribebatur</em></span> <span class='ocrx_word' id='word_1_168' title='bbox 785 4343 924 4411; x_wconf 76' lang='lat' dir='ltr'><em>(vedastis</em></span> <span class='ocrx_word' id='word_1_169' title='bbox 939 4344 979 4397; x_wconf 89' lang='lat' dir='ltr'><em>oel</em></span> <span class='ocrx_word' id='word_1_170' title='bbox 991 4342 1111 4396; x_wconf 81' lang='lat' dir='ltr'><em>Vidastis</em></span> <span class='ocrx_word' id='word_1_171' title='bbox 1125 4344 1213 4409; x_wconf 71' lang='lat' dir='ltr'><em>Grcp,</em></span> <span class='ocrx_word' id='word_1_172' title='bbox 1232 4343 1268 4397; x_wconf 89' lang='lat' dir='ltr'><em>H.</em></span> <span class='ocrx_word' id='word_1_173' title='bbox 1281 4345 1331 4400; x_wconf 84' lang='lat' dir='ltr'><em>Fr.</em></span> 
     </span>
     <span class='ocr_line' id='line_1_23' title="bbox 215 4415 1332 4483; baseline -0.002 -14"><span class='ocrx_word' id='word_1_174' title='bbox 215 4417 281 4482; x_wconf 90' lang='lat' dir='ltr'><em>VII,</em></span> <span class='ocrx_word' id='word_1_175' title='bbox 294 4420 333 4483; x_wconf 86' lang='lat'><em>3),</em></span> <span class='ocrx_word' id='word_1_176' title='bbox 350 4423 440 4483; x_wconf 86' lang='lat' dir='ltr'><em>postea</em></span> <span class='ocrx_word' id='word_1_177' title='bbox 459 4432 518 4468; x_wconf 89' lang='lat' dir='ltr'><em>vcro</em></span> <span class='ocrx_word' id='word_1_178' title='bbox 531 4415 676 4481; x_wconf 77' lang='lat' dir='ltr'><em>vedastus,</em></span> <span class='ocrx_word' id='word_1_179' title='bbox 697 4422 774 4483; x_wconf 82' lang='lat' dir='ltr'><em>atque</em></span> <span class='ocrx_word' id='word_1_180' title='bbox 791 4418 822 4467; x_wconf 87' lang='lat' dir='ltr'><em>in</em></span> <span class='ocrx_word' id='word_1_181' title='bbox 840 4416 971 4468; x_wconf 70' lang='lat' dir='ltr'><em>coeliacus</em></span> <span class='ocrx_word' id='word_1_182' title='bbox 988 4417 1062 4467; x_wconf 86' lang='lat' dir='ltr'><em>Vitae</em></span> <span class='ocrx_word' id='word_1_183' title='bbox 1080 4417 1262 4467; x_wconf 79' lang='lat' dir='ltr'><em>vetustissimis</em></span> <span class='ocrx_word' id='word_1_184' title='bbox 1280 4421 1332 4467; x_wconf 88' lang='lat' dir='ltr'><em>ter·</em></span> 
     </span>
     <span class='ocr_line' id='line_1_24' title="bbox 210 4485 1331 4555; baseline -0.002 -16"><span class='ocrx_word' id='word_1_185' title='bbox 210 4493 266 4540; x_wconf 81' lang='lat' dir='ltr'><em>tiae</em></span> <span class='ocrx_word' id='word_1_186' title='bbox 291 4489 474 4539; x_wconf 79' lang='lat' dir='ltr'><em>declinationis</em></span> <span class='ocrx_word' id='word_1_187' title='bbox 498 4490 603 4551; x_wconf 80' lang='lat' dir='ltr'><em>formae</em></span> <span class='ocrx_word' id='word_1_188' title='bbox 628 4489 666 4551; x_wconf 81' lang='grc' dir='ltr'><em>(Α</em></span> <span class='ocrx_word' id='word_1_189' title='bbox 685 4492 717 4539; x_wconf 88' lang='lat' dir='ltr'><em>lo</em></span> <span class='ocrx_word' id='word_1_190' title='bbox 740 4504 810 4541; x_wconf 86' lang='lat' dir='ltr'><em>nom.</em></span> <span class='ocrx_word' id='word_1_191' title='bbox 830 4494 853 4538; x_wconf 87' lang='lat' dir='ltr'><em>et</em></span> <span class='ocrx_word' id='word_1_192' title='bbox 869 4503 927 4553; x_wconf 76' lang='lat' dir='ltr'><em>pen.</em></span> <span class='ocrx_word' id='word_1_193' title='bbox 942 4485 1078 4553; x_wconf 75' lang='lat' dir='ltr'><em>vedastis,</em></span> <span class='ocrx_word' id='word_1_194' title='bbox 1100 4502 1153 4541; x_wconf 84' lang='lat' dir='ltr'><em>acc.</em></span> <span class='ocrx_word' id='word_1_195' title='bbox 1167 4485 1331 4555; x_wconf 83' lang='lat' dir='ltr'><em>Vedastem;</em></span> 
     </span>
     <span class='ocr_line' id='line_1_25' title="bbox 211 4557 1331 4626; baseline -0.001 -15"><span class='ocrx_word' id='word_1_196' title='bbox 211 4561 238 4611; x_wconf 90' lang='lat' dir='ltr'><em>B</em></span> <span class='ocrx_word' id='word_1_197' title='bbox 252 4563 275 4614; x_wconf 87' lang='lat'><em>1.</em></span> <span class='ocrx_word' id='word_1_198' title='bbox 296 4575 348 4612; x_wconf 85' lang='lat' dir='ltr'><em>acc.</em></span> <span class='ocrx_word' id='word_1_199' title='bbox 362 4557 560 4626; x_wconf 82' lang='lat' dir='ltr'><em>V(a)edastem,</em></span> <span class='ocrx_word' id='word_1_200' title='bbox 586 4559 637 4611; x_wconf 90' lang='lat' dir='ltr'><em>obl.</em></span> <span class='ocrx_word' id='word_1_201' title='bbox 660 4557 790 4626; x_wconf 80' lang='lat' dir='ltr'><em>Vedaste)</em></span> <span class='ocrx_word' id='word_1_202' title='bbox 814 4559 933 4610; x_wconf 85' lang='lat' dir='ltr'><em>nondum</em></span> <span class='ocrx_word' id='word_1_203' title='bbox 957 4574 1045 4611; x_wconf 83' lang='lat' dir='ltr'><em>omncs</em></span> <span class='ocrx_word' id='word_1_204' title='bbox 1070 4561 1191 4611; x_wconf 71' lang='lat' dir='ltr'><em>inmeante</em></span> <span class='ocrx_word' id='word_1_205' title='bbox 1215 4560 1331 4610; x_wconf 83' lang='lat' dir='ltr'><em>secundo</em></span> 
     </span>
     <span class='ocr_line' id='line_1_26' title="bbox 212 4628 1332 4697; baseline 0 -16"><span class='ocrx_word' id='word_1_206' title='bbox 212 4631 327 4682; x_wconf 80' lang='lat' dir='ltr'><em>abolitae</em></span> <span class='ocrx_word' id='word_1_207' title='bbox 338 4637 409 4683; x_wconf 90' lang='lat' dir='ltr'><em>suut.</em></span> <span class='ocrx_word' id='word_1_208' title='bbox 437 4630 537 4681; x_wconf 83' lang='lat' dir='ltr'><em>Nomen</em></span> <span class='ocrx_word' id='word_1_209' title='bbox 552 4629 740 4681; x_wconf 81' lang='lat' dir='ltr'><em>Germanicum</em></span> <span class='ocrx_word' id='word_1_210' title='bbox 749 4630 909 4696; x_wconf 83' lang='lat' dir='ltr'><em>productius</em></span> <span class='ocrx_word' id='word_1_211' title='bbox 923 4630 1154 4695; x_wconf 79' lang='lat' dir='ltr'><em>pronuntiabatur</em></span> <span class='ocrx_word' id='word_1_212' title='bbox 1163 4628 1332 4697; x_wconf 74' lang='lat' dir='ltr'><em>widugastis</em></span> 
     </span>
     <span class='ocr_line' id='line_1_27' title="bbox 211 4700 1332 4767; baseline 0 -15"><span class='ocrx_word' id='word_1_213' title='bbox 211 4704 266 4766; x_wconf 85' lang='lat' dir='ltr'><em>(ita</em></span> <span class='ocrx_word' id='word_1_214' title='bbox 279 4701 422 4766; x_wconf 70' lang='lat' dir='ltr'><em>ProlopJ.</em></span> <span class='ocrx_word' id='word_1_215' title='bbox 441 4700 522 4767; x_wconf 77' lang='lat' dir='ltr'><em>Lepis</em></span> <span class='ocrx_word' id='word_1_216' title='bbox 540 4700 653 4764; x_wconf 83' lang='lat' dir='ltr'><em>Solicae,</em></span> <span class='ocrx_word' id='word_1_217' title='bbox 672 4701 709 4754; x_wconf 90' lang='lat' dir='ltr'><em>col.</em></span> <span class='ocrx_word' id='word_1_218' title='bbox 725 4701 836 4766; x_wconf 78' lang='lat' dir='ltr'><em>Gefflccn</em></span> <span class='ocrx_word' id='word_1_219' title='bbox 851 4718 879 4766; x_wconf 91' lang='lat' dir='ltr'><em>p.</em></span> <span class='ocrx_word' id='word_1_220' title='bbox 893 4704 949 4766; x_wconf 79' lang='lat'><em>95),</em></span> <span class='ocrx_word' id='word_1_221' title='bbox 967 4706 1086 4752; x_wconf 87' lang='lat' dir='ltr'><em>monente</em></span> <span class='ocrx_word' id='word_1_222' title='bbox 1103 4701 1218 4764; x_wconf 76' lang='lat' dir='ltr'><em>Alfrcdo</em></span> <span class='ocrx_word' id='word_1_223' title='bbox 1229 4700 1332 4752; x_wconf 73' lang='lat' dir='ltr'><em>Homer</em></span> 
     </span>
     <span class='ocr_line' id='line_1_28' title="bbox 211 4771 1331 4840; baseline -0.003 -16"><span class='ocrx_word' id='word_1_224' title='bbox 211 4772 440 4824; x_wconf 85' lang='lat' dir='ltr'><em>oirodoctissimo.</em></span> <span class='ocrx_word' id='word_1_225' title='bbox 495 4771 522 4839; x_wconf 83' lang='lat'><em>2)</em></span> <span class='ocrx_word' id='word_1_226' title='bbox 541 4772 584 4835; x_wconf 77' lang='lat' dir='ltr'><em>Cf.</em></span> <span class='ocrx_word' id='word_1_227' title='bbox 601 4773 743 4837; x_wconf 71' lang='lat' dir='ltr'><em>epistulam</em></span> <span class='ocrx_word' id='word_1_228' title='bbox 756 4772 787 4823; x_wconf 89' lang='lat' dir='ltr'><em>V.</em></span> <span class='ocrx_word' id='word_1_229' title='bbox 799 4772 957 4823; x_wconf 85' lang='lat' dir='ltr'><em>Columbaui</em></span> <span class='ocrx_word' id='word_1_230' title='bbox 969 4774 1155 4838; x_wconf 84' lang='lat' dir='ltr'><em>praemissam.</em></span> <span class='ocrx_word' id='word_1_231' title='bbox 1214 4771 1241 4840; x_wconf 84' lang='lat'><em>3)</em></span> <span class='ocrx_word' id='word_1_232' title='bbox 1256 4771 1331 4821; x_wconf 86' lang='lat' dir='ltr'><em>‘Mit-</em></span> 
     </span>
     <span class='ocr_line' id='line_1_29' title="bbox 211 4842 1331 4908; baseline -0.001 -15"><span class='ocrx_word' id='word_1_233' title='bbox 211 4844 364 4908; x_wconf 75' lang='lat' dir='ltr'><em>tbciluuaen</em></span> <span class='ocrx_word' id='word_1_234' title='bbox 383 4845 427 4894; x_wconf 85' lang='lat' dir='ltr'><em>des</em></span> <span class='ocrx_word' id='word_1_235' title='bbox 440 4843 563 4893; x_wconf 72' lang='lat' dir='ltr'><em>Instituta</em></span> <span class='ocrx_word' id='word_1_236' title='bbox 575 4844 627 4906; x_wconf 77' lang='lat' dir='ltr'><em>fur</em></span> <span class='ocrx_word' id='word_1_237' title='bbox 640 4842 852 4894; x_wconf 78' lang='lat' dir='ltr'><em>bsterrenbisobe</em></span> <span class='ocrx_word' id='word_1_238' title='bbox 866 4843 1171 4908; x_wconf 74' lang='lat' dir='ltr'><em>Gescbicbtsforscbuup’</em></span> <span class='ocrx_word' id='word_1_239' title='bbox 1180 4847 1241 4896; x_wconf 84' lang='lat' dir='ltr'><em>tom</em></span> <span class='ocrx_word' id='word_1_240' title='bbox 1252 4842 1331 4908; x_wconf 86' lang='lat' dir='ltr'><em>XIV,</em></span> 
     </span>
     <span class='ocr_line' id='line_1_30' title="bbox 208 4913 1330 4981; baseline -0.003 -13"><span class='ocrx_word' id='word_1_241' title='bbox 208 4931 237 4981; x_wconf 91' lang='lat' dir='ltr'><em>p.</em></span> <span class='ocrx_word' id='word_1_242' title='bbox 248 4916 403 4968; x_wconf 76' lang='lat'><em>427—448.</em></span> <span class='ocrx_word' id='word_1_243' title='bbox 458 4917 486 4978; x_wconf 83' lang='grc'><em>4)</em></span> <span class='ocrx_word' id='word_1_244' title='bbox 497 4913 529 4967; x_wconf 92' lang='lat' dir='ltr'><em>L.</em></span> <span class='ocrx_word' id='word_1_245' title='bbox 542 4914 688 4979; x_wconf 82' lang='lat' dir='ltr'><em>Dnclcesnc,</em></span> <span class='ocrx_word' id='word_1_246' title='bbox 703 4914 831 4964; x_wconf 79' lang='lat' dir='ltr'><em>‘Bullatin</em></span> <span class='ocrx_word' id='word_1_247' title='bbox 843 4914 963 4979; x_wconf 82' lang='lat' dir='ltr'><em>critiquc’</em></span> <span class='ocrx_word' id='word_1_248' title='bbox 973 4916 1051 4979; x_wconf 88' lang='lat'><em>1893,</em></span> <span class='ocrx_word' id='word_1_249' title='bbox 1060 4930 1090 4979; x_wconf 89' lang='lat' dir='ltr'><em>p.</em></span> <span class='ocrx_word' id='word_1_250' title='bbox 1100 4915 1152 4967; x_wconf 79' lang='lat'><em>456</em></span> <span class='ocrx_word' id='word_1_251' title='bbox 1158 4930 1171 4975; x_wconf 92' lang='lat'><em>,·</em></span> <span class='ocrx_word' id='word_1_252' title='bbox 1184 4913 1216 4967; x_wconf 79' lang='lat' dir='ltr'><em>G.</em></span> <span class='ocrx_word' id='word_1_253' title='bbox 1226 4913 1330 4979; x_wconf 83' lang='lat' dir='ltr'><em>Kurtb,</em></span> 
     </span>
     <span class='ocr_line' id='line_1_31' title="bbox 211 4983 1332 5052; baseline 0 -15"><span class='ocrx_word' id='word_1_254' title='bbox 211 4985 329 5050; x_wconf 51' lang='grc' dir='ltr'><em>ίΟῑουιζεῖ,</em></span> <span class='ocrx_word' id='word_1_255' title='bbox 354 4985 472 5036; x_wconf 84' lang='lat' dir='ltr'><em>Parisiis</em></span> <span class='ocrx_word' id='word_1_256' title='bbox 496 4987 574 5050; x_wconf 89' lang='lat'>1901,</span> <span class='ocrx_word' id='word_1_257' title='bbox 599 4985 639 5048; x_wconf 91' lang='lat' dir='ltr'><em>II,</em></span> <span class='ocrx_word' id='word_1_258' title='bbox 663 5002 690 5052; x_wconf 89' lang='lat' dir='ltr'><em>p.</em></span> <span class='ocrx_word' id='word_1_259' title='bbox 710 4986 771 5039; x_wconf 82' lang='lat'><em>268.</em></span> <span class='ocrx_word' id='word_1_260' title='bbox 790 4987 844 5039; x_wconf 83' lang='lat'><em>280</em></span> <span class='ocrx_word' id='word_1_261' title='bbox 853 4983 873 5045; x_wconf 70' lang='lat'><em>²,</em></span> <span class='ocrx_word' id='word_1_262' title='bbox 897 4988 958 5035; x_wconf 85' lang='lat' dir='ltr'><em>item</em></span> <span class='ocrx_word' id='word_1_263' title='bbox 975 4985 1120 5035; x_wconf 83' lang='lat' dir='ltr'><em>Demoison</em></span> <span class='ocrx_word' id='word_1_264' title='bbox 1145 4984 1179 5037; x_wconf 85' lang='lat' dir='ltr'><em>ib.</em></span> <span class='ocrx_word' id='word_1_265' title='bbox 1201 5000 1232 5050; x_wconf 90' lang='lat' dir='ltr'><em>p.</em></span> <span class='ocrx_word' id='word_1_266' title='bbox 1251 4984 1332 5051; x_wconf 80' lang='lat'><em>290²,·</em></span> 
     </span>
     <span class='ocr_line' id='line_1_32' title="bbox 211 5054 1332 5121; baseline -0.003 -11"><span class='ocrx_word' id='word_1_267' title='bbox 211 5056 242 5110; x_wconf 80' lang='lat' dir='ltr'><em>F.</em></span> <span class='ocrx_word' id='word_1_268' title='bbox 264 5056 385 5120; x_wconf 90' lang='lat' dir='ltr'><em>Jubaru,</em></span> <span class='ocrx_word' id='word_1_269' title='bbox 405 5056 501 5107; x_wconf 81' lang='lat' dir='ltr'><em>‘Clanis</em></span> <span class='ocrx_word' id='word_1_270' title='bbox 525 5056 629 5106; x_wconf 85' lang='lat' dir='ltr'><em>a-t-il</em></span> <span class='ocrx_word' id='word_1_271' title='bbox 652 5054 691 5107; x_wconf 82' lang='lat' dir='ltr'><em>uc</em></span> <span class='ocrx_word' id='word_1_272' title='bbox 710 5055 813 5121; x_wconf 83' lang='lat' dir='ltr'><em>baptist</em></span> <span class='ocrx_word' id='word_1_273' title='bbox 836 5054 995 5106; x_wconf 70' lang='lat' dir='ltr'><em>bReimst’</em></span> <span class='ocrx_word' id='word_1_274' title='bbox 1013 5060 1038 5107; x_wconf 86' lang='lat' dir='ltr'><em>ct</em></span> <span class='ocrx_word' id='word_1_275' title='bbox 1054 5054 1091 5108; x_wconf 88' lang='lat' dir='ltr'><em>H.</em></span> <span class='ocrx_word' id='word_1_276' title='bbox 1112 5054 1215 5120; x_wconf 69' lang='lat' dir='ltr'><em>meror,</em></span> <span class='ocrx_word' id='word_1_277' title='bbox 1235 5055 1332 5107; x_wconf 76' lang='lat' dir='ltr'><em>‘orma</em></span> 
     </span>
     <span class='ocr_line' id='line_1_33' title="bbox 211 5125 1329 5193; baseline 0 -14"><span class='ocrx_word' id='word_1_278' title='bbox 211 5126 319 5193; x_wconf 75' lang='lat' dir='ltr'><em>d’aprbs</em></span> <span class='ocrx_word' id='word_1_279' title='bbox 344 5142 392 5178; x_wconf 86' lang='lat' dir='ltr'><em>son</em></span> <span class='ocrx_word' id='word_1_280' title='bbox 417 5128 510 5179; x_wconf 88' lang='lat' dir='ltr'><em>nouocl</em></span> <span class='ocrx_word' id='word_1_281' title='bbox 531 5126 669 5178; x_wconf 82' lang='lat' dir='ltr'><em>historicn’</em></span> <span class='ocrx_word' id='word_1_282' title='bbox 695 5126 762 5190; x_wconf 89' lang='lat' dir='ltr'><em>(scil.</em></span> <span class='ocrx_word' id='word_1_283' title='bbox 790 5127 823 5180; x_wconf 79' lang='lat' dir='ltr'><em>G.</em></span> <span class='ocrx_word' id='word_1_284' title='bbox 850 5125 957 5186; x_wconf 78' lang='lat' dir='ltr'><em>Kurtli)</em></span> <span class='ocrx_word' id='word_1_285' title='bbox 982 5128 1012 5176; x_wconf 90' lang='lat' dir='ltr'><em>in</em></span> <span class='ocrx_word' id='word_1_286' title='bbox 1037 5126 1147 5176; x_wconf 82' lang='lat' dir='ltr'><em>‘Etudcc</em></span> <span class='ocrx_word' id='word_1_287' title='bbox 1170 5126 1329 5193; x_wconf 73' lang='lat' dir='ltr'><em>relipieuses,</em></span> 
     </span>
     <span class='ocr_line' id='line_1_34' title="bbox 207 5196 1332 5266; baseline -0.001 -16"><span class='ocrx_word' id='word_1_288' title='bbox 207 5198 435 5266; x_wconf 80' lang='lat' dir='ltr'><em>pbilosopbiqucs,</em></span> <span class='ocrx_word' id='word_1_289' title='bbox 455 5197 615 5263; x_wconf 75' lang='lat' dir='ltr'><em>historiques</em></span> <span class='ocrx_word' id='word_1_290' title='bbox 632 5204 657 5248; x_wconf 87' lang='lat' dir='ltr'><em>ct</em></span> <span class='ocrx_word' id='word_1_291' title='bbox 673 5197 820 5248; x_wconf 80' lang='lat' dir='ltr'><em>littlroires</em></span> <span class='ocrx_word' id='word_1_292' title='bbox 834 5197 909 5263; x_wconf 85' lang='lat' dir='ltr'><em>publ.</em></span> <span class='ocrx_word' id='word_1_293' title='bbox 923 5212 981 5262; x_wconf 88' lang='lat' dir='ltr'><em>par</em></span> <span class='ocrx_word' id='word_1_294' title='bbox 997 5198 1042 5247; x_wconf 85' lang='lat' dir='ltr'><em>des</em></span> <span class='ocrx_word' id='word_1_295' title='bbox 1059 5196 1141 5247; x_wconf 78' lang='lat' dir='ltr'><em>Piros</em></span> <span class='ocrx_word' id='word_1_296' title='bbox 1158 5197 1190 5247; x_wconf 84' lang='lat' dir='ltr'><em>clc</em></span> <span class='ocrx_word' id='word_1_297' title='bbox 1209 5198 1236 5247; x_wconf 93' lang='lat' dir='ltr'><em>la</em></span> <span class='ocrx_word' id='word_1_298' title='bbox 1255 5197 1332 5249; x_wconf 85' lang='lat' dir='ltr'><em>Com-</em></span> 
     </span>
     <span class='ocr_line' id='line_1_35' title="bbox 207 5266 1212 5336; baseline 0.002 -16"><span class='ocrx_word' id='word_1_299' title='bbox 207 5272 309 5336; x_wconf 76' lang='lat' dir='ltr'><em>papur&#39;e</em></span> <span class='ocrx_word' id='word_1_300' title='bbox 327 5269 358 5320; x_wconf 84' lang='lat' dir='ltr'><em>de</em></span> <span class='ocrx_word' id='word_1_301' title='bbox 375 5268 475 5334; x_wconf 69' lang='lat' dir='ltr'><em>onoc,</em></span> <span class='ocrx_word' id='word_1_302' title='bbox 495 5267 614 5319; x_wconf 85' lang='lat' dir='ltr'><em>Parisiis</em></span> <span class='ocrx_word' id='word_1_303' title='bbox 634 5271 711 5332; x_wconf 82' lang='lat'><em>1896,</em></span> <span class='ocrx_word' id='word_1_304' title='bbox 730 5274 790 5325; x_wconf 83' lang='lat' dir='ltr'><em>tom,</em></span> <span class='ocrx_word' id='word_1_305' title='bbox 809 5266 932 5333; x_wconf 86' lang='lat' dir='ltr'><em>LXVII,</em></span> <span class='ocrx_word' id='word_1_306' title='bbox 948 5284 977 5332; x_wconf 91' lang='lat' dir='ltr'><em>p.</em></span> <span class='ocrx_word' id='word_1_307' title='bbox 991 5270 1052 5321; x_wconf 80' lang='lat'><em>295.</em></span> <span class='ocrx_word' id='word_1_308' title='bbox 1071 5274 1094 5317; x_wconf 84' lang='lat' dir='ltr'><em>a</em></span> <span class='ocrx_word' id='word_1_309' title='bbox 1109 5286 1138 5334; x_wconf 88' lang='lat' dir='ltr'><em>p.</em></span> <span class='ocrx_word' id='word_1_310' title='bbox 1152 5268 1212 5322; x_wconf 83' lang='lat'><em>365.</em></span> 
     </span>
    </p>
   </div>
   <div class='ocr_carea' id='block_1_4' title="bbox 1354 2535 1514 2638">
    <p class='ocr_par' dir='ltr' id='par_1_4' title="bbox 1354 2535 1514 2638">
     <span class='ocr_line' id='line_1_36' title="bbox 1354 2535 1514 2577; baseline 0.013 -3"><span class='ocrx_word' id='word_1_311' title='bbox 1354 2535 1514 2577; x_wconf 59' lang='lat' dir='ltr'><em>*asadiam</em></span> 
     </span>
     <span class='ocr_line' id='line_1_37' title="bbox 1362 2588 1499 2638; baseline 0.015 -10"><span class='ocrx_word' id='word_1_312' title='bbox 1362 2590 1410 2638; x_wconf 91' lang='lat' dir='ltr'><em>III,</em></span> <span class='ocrx_word' id='word_1_313' title='bbox 1416 2600 1442 2637; x_wconf 79' lang='lat' dir='ltr'><em>p.</em></span> <span class='ocrx_word' id='word_1_314' title='bbox 1451 2588 1499 2630; x_wconf 71' lang='lat'><em>³90.</em></span> 
     </span>
    </p>
   </div>
   <div class='ocr_carea' id='block_1_5' title="bbox 0 0 1627 6800">
    <p class='ocr_par' dir='ltr' id='par_1_5' title="bbox 0 0 1627 6800">
     <span class='ocr_line' id='line_1_38' title="bbox 0 0 1627 6800; baseline 0 0"><span class='ocrx_word' id='word_1_315' title='bbox 0 0 1627 6800; x_wconf 95' lang='lat' dir='ltr'><em> </em></span> 
     </span>
    </p>
   </div>
  </div>
 </body>
</html>
