3184 6800
479 1313 604 1382 IONAS,
616 1314 713 1370 VITA
730 1313 920 1369 IOHANNIS
939 1314 1113 1371 ABBATIS.
1303 1321 1355 1373 329

234 1502 339 1562 curna
367 1518 471 1580 super
500 1497 641 1561 fluvium
668 1496 884 1561 Bridenam1.
930 1497 1136 1562 Parentibus
1165 1519 1235 1562 non
1262 1499 1355 1581 igno·

233 1579 387 1651 bilibusb
405 1588 614 1670 procreatus,
632 1589 730 1670 patre
746 1586 918 1662 Hilari00,
936 1590 1045 1650 matre
1063 1586 1189 1665 Quieta
1204 1589 1353 1664 nomine,

234 1697 383 1758 quornm
414 1676 547 1738 animos
577 1674 691 1738 cultus
721 1675 899 1757 religionis
930 1677 1133 1739 cathenatos
1163 1679 1266 1758 atque
1290 1678 1354 1741 sub

234 1765 332 1828 omni
371 1764 557 1828 devocione
602 1765 783 1827 christiani
827 1765 961 1827 timoris
998 1759 1162 1829 innexosd
1194 1760 1353 1842 tenebat;

196 1855 385 1936 squique⁰
409 1855 513 1917 etiam
544 1854 635 1917 inter
664 1853 739 1936 ipsa
769 1847 976 1936 primordies
997 1854 1194 1918 rudimenta
1221 1856 1355 1917 tamin

235 1942 529 2027 puericia'quam
567 1942 603 2003 in
642 1941 875 2005 adolescentia
913 1942 976 2005 sub
1014 1943 1194 2006 christiani
1227 1944 1355 2026 vigoris

236 2031 337 2095 cultu
372 2033 477 2112 atque
511 2030 688 2112 religionis
724 2051 744 2093 a
778 2031 981 2114 parentibus
1020 2029 1125 2094 alitus
1164 2035 1216 2096 est
1250 2036 1354 2115 atque

235 2120 402 2183 nutritus.

346 2232 376 2288 2.
401 2224 555 2307 Cumque
576 2226 713 2289 circiter
729 2225 797 2288 XX
817 2229 906 2289 esset
927 2247 1105 2302 annorum,
1130 2227 1223 2310 cepit
1241 2229 1355 2291 animo

189 2341 216 2378 10
237 2315 367 2378 alciora
399 2318 503 2397 atque
534 2314 636 2377 solito
669 2315 797 2376 artiora
828 2335 978 2396 querere,
1010 2320 1059 2391 ut,
1092 2316 1214 2379 relicto
1245 2317 1356 2380 natali

237 2404 328 2479 solo,
369 2424 437 2485 quo
476 2404 691 2487 potissimum
727 2403 833 2466 animi
867 2404 1065 2468 ostenderet
1099 2403 1280 2480 affectum,
1321 2410 1357 2469 et

235 2494 344 2555 vitam
376 2495 495 2575 ageret
525 2492 730 2575 gloriosam³
758 2497 794 2556 et
829 2490 925 2554 cultu
958 2493 1136 2574 religionis
1166 2493 1230 2556 sub
1262 2495 1356 2557 omni

235 2582 432 2645 intentione
462 2584 612 2645 mentem
642 2581 804 2644 erudiret.
852 2580 959 2644 Dedit
988 2586 1105 2644 tamen
1135 2603 1284 2664 operam,
1315 2586 1355 2646 ut

237 2671 337 2736 eoin
362 2670 448 2746 loco,
472 2663 553 2734 ubib
577 2673 674 2733 ortus
697 2670 823 2745 fuerat,
848 2690 1052 2753 perparvum
1072 2671 1261 2733 oratorium
1279 2672 1356 2733 fun·

189 2782 216 2822 rs
238 2761 347 2836 daret,
371 2762 421 2834 ut,
441 2759 521 2821 dum
543 2759 645 2821 anxia
664 2759 775 2821 cordis
794 2763 885 2835 vota,
906 2758 1045 2823 Christo
1069 2763 1253 2835 annuente,
1274 2781 1356 2843 pen·

237 2849 345 2912 sando
370 2850 533 2930 patraret,
557 2848 722 2910 orationis
746 2847 914 2910 solamina
938 2851 1042 2930 atque
1064 2849 1251 2930 religionis,
1276 2870 1355 2931 quo·

236 2938 339 3001 modo
364 2939 488 3020 posset,
513 2935 687 2999 occultum
705 2936 874 3018 impleret.
914 2936 992 3013 Sed,
1017 2937 1098 2999 dum
1120 2957 1214 3000 mens
1231 2938 1356 3001 devota

238 3025 313 3089 Deo
329 3046 393 3089 nec
410 3030 449 3088 a⁰
467 3025 668 3107 parentibus
684 3044 747 3087 nec
765 3046 785 3087 a
800 3025 936 3087 familia
948 3029 1106 3107 quereret
1121 3021 1352 3089 famulatumd

236 3114 292 3179 vel
316 3114 426 3198 plebis
449 3135 518 3176 non
549 3114 657 3177 ferret
687 3134 890 3196 pressuram,
923 3114 1038 3197 elegit,
1069 3118 1109 3177 ut
1140 3116 1255 3190 eremi,
1287 3136 1355 3197 quo

189 3229 217 3266 eo
236 3226 273 3268 se
297 3203 393 3267 locus
418 3203 532 3276 dabat,
558 3205 691 3265 secreta
714 3206 901 3286 expeteret.
948 3203 1086 3286 Agebat
1109 3204 1201 3267 enim
1226 3205 1290 3267 hoc
1315 3225 1355 3268 eo

236 3298 402 3376 ternpore,
435 3312 501 3373 quo
526 3290 658 3354 Gallias
682 3291 745 3353 sub
776 3291 912 3374 imperii
939 3292 1013 3355 iure
1037 3292 1211 3355 Iohannes
1236 3293 1355 3356 consul

236 3381 390 3465 regebat.
445 3381 588 3463 Itaque⁰
618 3402 694 3444 eum
726 3381 875 3463 quadam
911 3380 966 3445 die
997 3382 1041 3446 ad
1072 3381 1248 3446 basilicam
1280 3383 1366 3447 mis'

237 3493 353 3535 sarum
384 3470 574 3554 solempnia
605 3470 786 3533 auditurus
818 3474 986 3553 pergeret,
1010 3506 1054 3513 -
1078 3476 1152 3535 erat
1184 3473 1273 3536 enim
1302 3472 1356 3537 be·

238 3561 288 3624 ati
308 3560 474 3622 [ohannis
493 3559 644 3642 baptiste
663 3553 881 3623 uenerandar
901 3560 1148 3644 sollempnitas,
1168 3595 1212 3603 —
1236 3562 1356 3624 audita

189 3670 219 3710 25
239 3647 463 3731 euvangelica
478 3647 627 3711 lectione
644 3651 679 3711 et
696 3648 846 3711 deducta
861 3650 957 3725 serie,
983 3650 1086 3713 finem
1106 3651 1179 3713 eius
1196 3651 1357 3714 desiderii

237 3739 320 3822 igne
344 3743 539 3821 penetrans,
570 3757 637 3819 quo
661 3737 727 3799 ait:
759 3735 847 3799 Puer
870 3743 973 3800 autem
1003 3738 1157 3802 crescebat
1183 3744 1213 3801 et
1235 3738 1357 3817 coufor-
1375 3768 1429 3807 une.
1439 3769 1458 3818 1,
1466 3768 1499 3811 so.

238 3828 368 3890 tutator
390 3824 427 3889 ia
449 3824 566 3905 spiritu
589 3830 618 3888 et
640 3830 710 3887 erat
731 3823 769 3887 ia
799 3826 918 3888 deserto
949 3845 1046 3904 usque
1076 3826 1121 3889 od
1149 3825 1231 3890 diem
1261 3833 1357 3890 osten-

239 3914 342 3978 st'om's
365 3935 419 3978 soe
442 3914 486 3976 ad
507 3914 621 3992 Israel,
652 3934 691 3976 ac
715 3913 877 3996 deinceps
902 3935 979 3976 cum
1003 3914 1072 3977 alia
1095 3915 1169 3979 vice
1193 3915 1355 3991 audisset,

240 4005 332 4087 quod
368 4004 489 4067 beatus
518 4003 692 4066 Iohannes
722 4002 961 4085 euvangeliste
994 4003 1189 4085 reliquisset
1223 4008 1357 4087 patrem
1376 4024 1520 4076 eruamus

192 4118 221 4157 so
240 4093 431 4156 Zebedeum
455 4113 529 4155 cum
550 4092 631 4154 navi
650 4095 685 4155 et
702 4091 830 4173 absque
847 4091 920 4154 ulla
936 4092 1163 4173 ambiguitate
1181 4088 1358 4156 Christum

240 4185 379 4246 secutus
409 4182 542 4256 fuisset,
573 4181 768 4263 intrepidus
799 4181 991 4263 mentisque
1021 4182 1142 4245 ardore
1173 4185 1208 4244 et
1239 4182 1357 4246 celesti

241 4271 410 4333 desiderio
435 4290 607 4345 accensus,
631 4270 828 4352 relinquens
852 4274 985 4352 patrem
1008 4273 1043 4333 et
1066 4273 1211 4334 matrem
1236 4271 1358 4334 solum·

241 4381 307 4442 que
331 4359 457 4433 natale,
489 4358 626 4433 saltum,
658 4359 717 4439 qui
745 4359 838 4422 inter
861 4359 946 4422 duos
970 4359 1101 4437 fluvios,
1132 4360 1168 4422 id
1193 4362 1245 4424 est
1267 4361 1359 4424 inter

241 4448 551 4511 Hormentionem²
573 4452 608 4511 et
632 4447 794 4511 Sidenum
826 4448 912 4510 situs
936 4451 998 4524 est,
1029 4448 1089 4530 qui
1112 4470 1133 4511 a
1156 4448 1361 4540 sinemur0³

194 4645 222 4685 35
403 4638 455 4685 Cap.
468 4638 485 4679 1.
513 4638 599 4676 ΑΗ.
655 4639 736 4686 Capi.
765 4639 813 4681 Aa

350 4725 693 4775 0ap.1.a)Qua1·tamlacum
708 4727 754 4767 Aa.
812 4728 835 4772 b)
853 4728 945 4773 ignobili
960 4729 1007 4766 Aa
1062 4728 1082 4778 c)
1098 4728 1174 4767 Ylario
1189 4729 1236 4768 ΑΞ.
1292 4727 1315 4780 d)
1330 4731 1361 4767 ita

242 4781 269 4819 R.
286 4780 315 4827 C;
328 4780 422 4818 innexas
436 4780 483 4820 Αἳ.
539 4779 732 4829 e)quicqneA2.
788 4780 806 4830 t)
820 4782 852 4818 ita
865 4779 960 4827 Mas.
971 4792 997 4828 ρ.
1008 4781 1107 4830 230,12),

350 4832 410 4880 Cap.
425 4834 444 4871 2.
472 4832 494 4882 a)
509 4833 602 4879 gloriam
616 4832 663 4874 Aa
717 4834 740 4881 b)
754 4834 769 4875 1.
785 4840 870 4872 mortus
884 4834 932 4873 Aa
987 4835 1007 4884 e)
1022 4836 1182 4883 apparentibus
1196 4836 1242 4876 Aa
1290 4833 1313 4887 d)
1328 4837 1360 4873 ln-

242 4886 352 4925 mulctum
366 4887 505 4936 ramularum,
521 4890 626 4933 munero
641 4888 708 4925 altero
723 4889 783 4937 fam„
798 4888 847 4926 Aa
909 4887 930 4937 e)
950 4888 1015 4935 Itque
1029 4888 1076 4929 Aa
1132 4888 1149 4939 t)
1170 4886 1298 4927 venerande
1312 4891 1360 4937 Α2,

194 4949 223 4987 40
241 4951 300 4979 corr.

243 5083 271 5146 1)
288 5083 351 5133 Sine
370 5080 448 5132 dubio
466 5081 581 5145 Brenno,
600 5082 718 5145 affluens
736 5082 892 5145 Armanpon
909 5083 937 5146 fl,
1001 5084 1029 5148 2)
1049 5083 1204 5145 Armanoon
1222 5091 1246 5135 et
1263 5084 1362 5135 Seruio

241 5155 282 5219 fl,
307 5166 418 5218 quorum
442 5151 491 5203 hoo
515 5154 568 5204 loco
589 5155 685 5218 prima
710 5154 806 5203 mentio
831 5152 870 5218 fit,
898 5152 1032 5205 Ormeotio
1063 5170 1128 5206 sam.
1148 5153 1184 5208 X.
1209 5162 1234 5206 ct
1258 5155 1361 5207 Sedena

241 5242 270 5279 a.
283 5226 345 5277 867.
364 5224 449 5273 vocati
465 5229 542 5283 suna·
560 5225 594 5287 cf.
609 5224 736 5287 Quantis,
756 5223 900 5275 ‘Dictiona
912 5224 949 5275 du
965 5224 1022 5291 dep.
1035 5225 1066 5275 dc
1077 5224 1203 5276 l'Yonae’
1217 5242 1247 5292 p.
1260 5228 1285 5280 4„
1301 5228 1361 5281 123.

242 5296 272 5362 3)
292 5292 380 5345 Hodie
398 5294 686 5346 Semur-en-Auxois
705 5294 775 5361 (dc'p.
796 5295 970 5353 cote-roo.
