3184 6800
264 1317 283 1371 8
477 1310 604 1378 10NAS,
621 1304 739 1364 VITAE
758 1307 987 1364 COLUMBANI
1004 1308 1113 1363 LIBRI
1131 1308 1170 1364 H.

264 1494 390 1561 oanan
406 1493 577 1558 etiamtunc
592 1492 759 1556 laererent
776 1489 981 1570 Caesariano,
999 1489 1190 1555 dominicum
1200 1490 1392 1572 paschalem

265 1606 330 1650 non
354 1583 561 1648 admittebant
583 1586 656 1645 ante
679 1579 761 1644 diem
777 1586 830 1642 25.
847 1578 978 1659 Martii,
1003 1579 1204 1643 aestimantes
1219 1601 1251 1644 se
1273 1579 1312 1644 in
1328 1579 1392 1643 bac

266 1671 479 1739 observatione
507 1669 613 1734 sancti
642 1690 680 1733 ac
709 1669 802 1732 laude
831 1667 923 1749 dipni
946 1667 1055 1749 patris
1084 1667 1234 1733 Anatolii
1265 1667 1391 1748 scripta

265 1768 384 1827 secutos
413 1760 513 1839 esse¹,·
541 1757 689 1823 Anatolii
718 1778 790 1821 vero
820 1756 1004 1821 nitebantur
1032 1777 1097 1821 non
1127 1757 1208 1821 libro
1235 1756 1388 1838 pennino,

265 1853 322 1915 sed
343 1850 436 1928 falso,
468 1869 558 1929 quem
581 1852 714 1911 sectator
735 1844 867 1927 qnidam
889 1866 997 1909 eorum
1020 1847 1064 1910 ad
1086 1845 1264 1911 doctrinam
1287 1846 1426 1909 dome-s

265 1938 377 2003 sticum
400 1938 654 2016 confirmandam
676 1936 847 2014 nunciate
894 1934 945 1998 Ab
968 1934 1165 1999 adversariis
1191 1933 1228 1997 id
1248 1934 1389 1999 maxime

265 2027 346 2109 ipsis
370 2024 500 2091 crimini
523 2026 668 2104 dabatur,
693 2023 776 2104 quod
798 2023 877 2087 luna
898 2022 1001 2087 XIV.
1022 2045 1091 2087 cum
1110 2021 1244 2087 Indaeis
1262 2023 1390 2104 pascha

266 2117 477 2196 celebrarent,·
511 2134 580 2178 cum
614 2118 717 2176 autem
748 2111 1007 2177 resurrectionem
1039 2111 1232 2176 dominicam
1265 2133 1390 2192 semper

266 2206 470 2268 observarent
497 2223 595 2283 neque
625 2202 734 2265 lunam
759 2198 860 2264 XIV.
892 2202 1103 2282 approbarent
1132 2200 1199 2265 nisi
1228 2199 1389 2265 dominico

266 2292 318 2358 die
342 2291 586 2373 provenientem,
617 2290 657 2354 ab
680 2289 837 2371 imperitis
860 2295 983 2353 tantam
1007 2310 1069 2370 pro
1096 2289 1390 2371 quartodecimanis
1411 2316 1437 2354 lo

266 2380 378 2446 baberi
401 2385 552 2462 poterant
580 2379 721 2459 iustoque
753 2377 824 2442 iure
846 2377 920 2442 buic
943 2377 1088 2458 opinioni
1109 2377 1176 2442 iam
1198 2378 1293 2442 Beda
1316 2399 1389 2442 con·

267 2469 476 2534 tradiderat3.
545 2467 601 2532 Ad
651 2466 733 2531 diem
779 2467 964 2547 paschalem
1013 2468 1255 2547 computandum
1301 2468 1390 2548 cpclo

266 2556 474 2622 LXXXIV
498 2577 658 2622 annorum
690 2556 868 2636 utebantur,
903 2554 959 2636 qui
992 2562 1066 2620 ante
1097 2555 1271 2620 Victoriam
1299 2557 1391 2636 apud

266 2647 403 2711 Latinos
420 2645 458 2711 iu
475 2667 536 2711 usu
551 2645 667 2725 suerat,
691 2645 831 2727 leposque
845 2643 882 2709 in
897 2644 1011 2725 quibus
1026 2645 1198 2709 haerebant
1215 2645 1390 2726 paschales

265 2734 388 2820 Romae
418 2757 449 2800 a.
475 2739 673 2798 stc-342.
696 2733 874 2814 ripuerant.
921 2733 1104 2798 Missurum
1137 2733 1304 2797 sollemnia
1339 2732 1389 2798 in·
1410 2762 1436 2802 n

266 2823 499 2888 nudabantur
521 2821 782 2904 multiplicatione
812 2821 992 2886 orationum
1020 2823 1069 2886 vel
1091 2822 1290 2886 collectarum
1312 2823 1389 2887 cele-

266 2913 390 2977 brare&
437 2910 594 2976 Missalia
623 2931 703 2993 quae
733 2917 843 2975 entant
871 2910 1010 2992 oripinis
1032 2910 1237 2991 Hiberuicae,
1267 2910 1391 2976 scilicet

267 3000 424 3065 Stouense
453 3000 590 3081 aliaque,
620 2999 717 3063 ritum
746 2998 863 3064 missae
892 3005 1132 3079 repraesentant
1158 3001 1298 3080 eundem,
1330 3000 1391 3080 qui

181 3114 246 3164 uc.
266 3095 339 3153 ante
362 3088 553 3170 Greporium
571 3087 622 3151 M.
642 3088 738 3152 etiam
756 3087 878 3152 Romae
895 3088 1076 3154 observatus
1098 3088 1172 3152 est5.
1213 3086 1389 3169 *Denique

265 3183 301 3241 nt
323 3177 391 3242 alia
407 3175 668 3258 praetermittam,
694 3175 792 3241 Scotti
813 3175 928 3256 capitis
946 3198 1066 3241 comam
1088 3176 1184 3242 aliter
1205 3177 1389 3256 tondebant,
1408 3208 1436 3247 20

266 3265 366 3330 alium
390 3265 602 3331 characterem
631 3264 868 3346 caprimontes⁶.
922 3264 1065 3347 Capillus
1093 3265 1178 3330 enim
1207 3286 1314 3329 eorum
1346 3268 1389 3332 ab

266 3375 345 3419 aure
368 3355 412 3419 ad
433 3374 544 3419 aurem
560 3374 621 3435 per
643 3354 780 3434 frontem
803 3353 841 3419 in
863 3375 998 3420 coronae
1019 3357 1145 3420 modum
1164 3353 1287 3420 incisus
1305 3362 1388 3437 erat,

259 3464 322 3525 per
345 3442 524 3525 occipitium
547 3449 651 3507 autem
673 3442 819 3508 intonsus
841 3444 1031 3524 dependebat
1041 3445 1061 3524 ⁷,
1085 3444 1133 3509 ita
1154 3443 1243 3508 utin
1265 3444 1390 3523 frontis

265 3532 391 3615 quidem
420 3532 586 3614 superficie
615 3552 749 3597 coronae
777 3532 937 3597 videretur
965 3533 1097 3614 speciem
1119 3532 1300 3613 praeferre,
1331 3535 1393 3598 sed

265 3620 303 3685 iu
326 3620 443 3686 cervice
466 3642 504 3684 eu
527 3622 690 3686 decurtata
712 3622 820 3686 esset⁸.
863 3622 1011 3686 Tonsura
1033 3622 1110 3686 laec
1128 3623 1168 3685 ab
1186 3620 1391 3686 adversariis
1409 3652 1436 3690 n

266 3708 453 3775 Simoniaoo
476 3709 703 3791 appellabatur,
733 3709 790 3791 qni
818 3709 883 3791 ipsi
915 3730 1064 3774 coronam
1093 3709 1230 3791 evemplo
1255 3709 1391 3790 spineae

265 3797 354 3863 illius
377 3797 511 3863 Domini
540 3797 578 3863 in
607 3797 707 3879 capite
730 3800 914 3879 portabant.
960 3799 1007 3864 In
1040 3798 1223 3864 universum
1256 3799 1392 3865 ecclesia

267 3887 442 3952 Scottorum
464 3886 502 3951 in
524 3893 665 3951 eostatu
682 3893 949 3967 perseveraverat,
973 3907 1064 3968 quem
1086 3887 1216 3954 ecclesia
1234 3887 1391 3952 Romana

264 3976 389 4041 saeculo
412 3974 438 4039 I
443 3976 478 4040 V.
502 3975 630 4041 ineunte
652 3974 838 4057 obtinuerat,
869 3997 983 4059 eaeque
1005 3997 1086 4059 quae
1111 3982 1220 4057 postea
1242 3975 1279 4039 in
1301 3975 1391 4042 banc

264 4063 463 4130 introductae
496 4071 590 4129 eram
622 4064 861 4130 consuetudines
895 4086 1001 4130 ornnes
1037 4065 1122 4146 ipsos
1160 4063 1313 4146 superant
1350 4064 1391 4130 in
1409 4096 1436 4135 so

265 4160 401 4219 extremo
424 4153 535 4219 oceani
557 4152 633 4218 sitos
642 4155 663 4217 ⁹.

372 4259 525 4325 Potestati
560 4259 685 4324 ordinis
723 4260 860 4341 episcopi
893 4260 1072 4326 dioecesani
1106 4260 1320 4326 Uolumbanus
1355 4282 1390 4326 se

265 4348 394 4413 omnino
416 4349 626 4429 subtraxerat,
657 4348 705 4412 ita
734 4354 769 4412 ut
791 4349 895 4414 altare
917 4349 954 4414 in
976 4349 1166 4415 monasterio
1189 4348 1391 4414 Lunavicnsi

265 4436 426 4518 episcopus
456 4436 579 4501 Scottus
607 4436 714 4501 Aldus
724 4437 751 4477 ¹⁰
784 4437 912 4503 nomine
945 4438 1196 4504 consecravisset.
1243 4436 1390 4504 Diversa

264 4645 292 4712 1)
317 4644 401 4710 Beda,
419 4645 456 4698 H.
476 4648 532 4701 eccl.
551 4646 607 4713 III,
619 4649 645 4703 3.
736 4650 763 4715 2)
790 4648 906 4699 Librum
924 4648 1056 4701 Anatholi
1078 4649 1110 4700 de
1134 4649 1238 4700 ratium
1258 4647 1392 4714 paschati·
1409 4662 1436 4703 ³5

262 4717 389 4783 spurium
426 4718 498 4769 edidi
534 4718 653 4770 ‘Studien
689 4734 742 4769 nur
771 4719 1171 4771 christlicl-mtttdcltcrttcben
1201 4719 1389 4785 ceruumque

258 4804 290 4854 p.
303 4789 355 4843 311
368 4804 423 4855 sqq.
486 4788 516 4856 3)
534 4789 618 4855 Beda,
635 4790 672 4843 H.
692 4791 751 4843 cccl.
769 4791 826 4856 III,
840 4793 866 4845 4.
926 4792 954 4855 4)
972 4790 1002 4846 V.
1022 4790 1138 4846 Columb.
1156 4791 1235 4857 H,9.
1296 4790 1324 4857 ὃ)
1341 4790 1390 4855 Cf.

266 4859 293 4913 C.
306 4858 406 4925 sinoti,
428 4860 571 4912 ‘Keltisctcc
585 4861 695 4912 Kirche’
714 4860 843 4927 (Herem,
865 4861 1087 4927 ‘Rcalcncyldopl
1100 4862 1179 4928 VIII,
1193 4864 1246 4917 352
1254 4859 1286 4927 ²),
1304 4877 1391 4927 qnam

264 4931 474 4983 dissertationem
486 4948 512 4985 c.
524 4932 601 4986 1901.
614 4934 769 4983 retractavit
781 4933 818 4988 H.
828 4934 948 4984 Zimmer
960 4934 1004 4999 (ib.
1018 4933 1054 4999 X,
1065 4932 1134 4988 204³
1143 4936 1225 4999 sqq,),·
1236 4934 1271 4988 F.
1280 4931 1392 4998 Probet,

266 5001 325 5053 ‘Die
336 5001 557 5054 abendldudtscbc
569 5002 652 5055 Messe
668 5018 724 5055 vom
738 5006 825 5058 5.-8.
839 5003 1225 5069 Janrh.’‚o1mauertt18so,
1241 5019 1271 5069 p.
1285 5005 1391 5073 340qa.
1410 5020 1439 5060 co

264 5072 292 5137 6)
307 5072 337 5126 V.
358 5073 475 5127 Columb.
494 5073 534 5138 H,
548 5076 571 5128 9.
640 5075 666 5141 7)
685 5075 813 5140 Dinanpe
830 5090 852 5129 s.
871 5092 894 5129 v.
913 5077 1054 5129 ‘tonsnrc’.
1120 5077 1149 5142 8)
1171 5075 1253 5139 Beda,
1271 5074 1309 5129 H.
1328 5077 1391 5133 cml.

267 5143 300 5207 V,
313 5144 357 5197 21.
423 5144 450 5213 9)
469 5145 515 5196 Ita
532 5150 599 5198 recte
617 5146 737 5196 Ztmmer
755 5146 772 5199 l.
792 5146 809 5199 l.
824 5162 853 5212 p.
867 5148 910 5201 35.
976 5146 1020 5214 10)
1041 5147 1082 5212 Of.
1102 5146 1219 5201 Oolumb.
1237 5149 1313 5213 epist,
1333 5147 1354 5197 I
1357 5148 1391 5204 V,

265 5213 342 5277 (Md.
362 5215 414 5280 Ep.
431 5215 487 5281 III,
502 5218 574 5275 167).
605 5216 703 5282 Aldus,
722 5232 797 5283 quem
816 5217 934 5269 Scottum
952 5219 1036 5281 fuisse
1049 5220 1168 5284 primm,
1186 5218 1277 5284 quoad
1293 5220 1392 5287 mmm,

260 5288 400 5351 perspeutt
417 5287 451 5341 A.
465 5286 572 5353 Hariolo,
591 5287 864 5354 ‘Ktrcbmpcscln'clts
881 5288 1087 5341 Dnetseltmnds'
1104 5288 1222 5357 I,266³‚
1241 5290 1311 5341 mem
1329 5292 1395 5355 for-
