3184 6800
461 1303 587 1381 muse,
600 1304 722 1377 uses
740 1303 970 1378 coconem
987 1304 1095 1360 mem
1114 1305 1153 1362 11.
1332 1311 1368 1364 eo

240 1484 378 1550 missum
407 1487 533 1550 domum
561 1485 686 1551 visendi
715 1485 948 1567 impetraverat,
983 1508 1053 1552 oum
1081 1490 1241 1569 quondam
1262 1510 1367 1555 mense

242 1573 429 1652 Februario
458 1574 582 1640 Atbata
610 1575 708 1639 abbas
736 1595 797 1639 suo
830 1580 938 1656 sponte
965 1573 1030 1656 ipsi
1058 1574 1236 1659 imperavit,
1267 1577 1367 1642 utin
1403 1633 1406 1638 .

236 1661 388 1744 patriam
411 1661 669 1744 proficisceretur
691 1663 841 1746 nullaque
870 1683 961 1728 mora
989 1669 1205 1730 reverteretur.
1252 1666 1367 1748 Itaque

242 1757 383 1835 tempore
405 1750 502 1816 nimii
523 1750 669 1834 friqoris,
693 1751 878 1834 presbptero
906 1751 1099 1833 diaconoque
1128 1753 1291 1820 comitibus
1313 1756 1367 1819 ad

211 1838 323 1905 oditis
356 1841 402 1904 ad
429 1839 666 1905 custodiendam
698 1839 825 1905 iuvenis
857 1839 1111 1923 sanctimoniam,
1146 1842 1272 1924 tanqum
1305 1842 1367 1907 iter

243 1927 390 2010 suscepit,
414 1927 504 1993 cuius
526 1928 632 1994 rudia
647 1949 731 2011 pars
753 1927 861 1992 triduo
876 1928 1020 1993 absoluta
1037 1929 1250 2012 videturesse,
1274 1938 1367 2013 atqm

243 2036 366 2082 summo
387 2016 507 2099 qaudio
530 2039 552 2082 a
573 2023 675 2082 matre
696 2016 861 2099 fratreque
883 2024 1023 2099 receptus
1045 2025 1098 2099 est,
1122 2019 1178 2083 sed
1198 2018 1288 2085 baud
1309 2019 1366 2085 diu

243 2111 350 2188 optato
372 2111 499 2189 aspectu
520 2104 572 2170 itti
593 2105 794 2186 fruebantur,
822 2126 900 2170 nam
922 2111 1015 2171 noctu
1041 2107 1184 2186 febribus
1206 2114 1367 2190 correptus

244 2193 349 2259 Ionas
382 2192 648 2260 vebunentissime
685 2192 894 2274 desiderabat,
932 2200 968 2258 ut
1003 2215 1099 2276 quam
1136 2194 1286 2261 citissime
1323 2198 1369 2262 ad

205 2304 228 2345 ιο
243 2281 474 2348 monasterium
499 2281 626 2348 rediret.
677 2283 744 2364 Quo
766 2303 838 2347 cum
859 2282 1045 2364 advertisset,
1075 2285 1218 2349 abbatem
1240 2284 1366 2350 iamin

244 2377 386 2436 mtrema
407 2377 506 2436 morte
521 2371 661 2453 positum
680 2370 827 2452 requerit,
850 2370 906 2453 qui
924 2370 976 2436 die
995 2378 1044 2435 10.
1061 2371 1183 2436 Martii
1198 2394 1224 2438 c.
1241 2396 1272 2438 a.
1289 2379 1364 2438 626.
1418 2452 1420 2456 ι

245 2459 326 2525 diem
350 2480 531 2540 supraema
554 2458 640 2524 obiit.
678 2459 765 2524 Erat
787 2465 891 2524 autem
909 2460 1011 2525 Ionas
1033 2460 1211 2526 ministerio
1225 2462 1365 2527 Attustae
1418 2470 1422 2475 '

244 2546 394 2613 addictus
402 2548 424 2629 ¹,
448 2568 538 2630 quem
560 2549 660 2613 iocum
683 2549 773 2633 apud
799 2547 1027 2613 Columbanum
1049 2549 1125 2614 otim
1147 2551 1315 2616 Domoatis
1337 2558 1368 2616 ot

248 2635 477 2719 Obaqnoatdus
504 2643 741 2719 occupaverant,
772 2635 982 2719 epistulasque
1011 2638 1052 2703 ab
1075 2640 1186 2703 abbate
1208 2640 1366 2721 perlectae

207 2741 230 2781 1⁶
242 2725 345 2791 cidem
369 2727 584 2790 asservandus
601 2726 820 2807 tradebantur,
844 2724 925 2790 sieut
941 2725 1088 2808 Aqrestii
1109 2726 1262 2807 titterae²,
1285 2748 1366 2809 quas

232 2820 310 2894 post
333 2812 450 2878 multos
471 2834 575 2879 annos
597 2813 793 2897 neqbsqentia
809 2813 961 2896 perdidit,
986 2819 1079 2895 atque
1096 2813 1191 2879 etiam
1213 2836 1366 2895 respousa

234 2903 385 2979 fortasse
402 2901 558 2968 scribebat
575 2924 673 2985 eaque
688 2902 798 2967 munio
812 2923 893 2984 quae
907 2902 945 2968 in
960 2901 1143 2968 comnsercio
1158 2903 1365 2984 epistularum

229 2989 421 3058 coenobiali
452 2993 658 3057 assumebant
689 2991 866 3056 scribenda.
919 2992 1028 3057 Electo
1062 2991 1211 3072 Bertutfo
1245 2992 1364 3075 abbate,

226 3078 328 3147 idem
351 3100 469 3144 munus
491 3079 645 3145 retinebat
667 3085 795 3160 eratque
817 3080 854 3144 in
876 3080 979 3162 ipsius
1002 3079 1180 3162 comitatu³,
1204 3102 1274 3146 cum
1295 3080 1364 3163 pri·

187 3167 354 3251 eviteqit
385 3188 483 3232 causa
512 3190 543 3232 a.
568 3174 641 3250 628,
672 3189 777 3233 mense
806 3168 913 3249 Iunio,
945 3169 1080 3232 Romam
1110 3170 1154 3234 ad
1182 3169 1366 3234 Hortarium

208 3277 364 3340 papam
385 3255 439 3321 itte
462 3256 600 3322 accessit.
646 3257 757 3322 Abbas
784 3277 879 3339 asper
897 3279 936 3321 es
960 3257 1043 3325 Urbe
1066 3278 1264 3341 propressus,
1295 3280 1366 3324 eum

217 3345 374 3415 rediens
395 3365 497 3429 prope
518 3344 723 3411 Bismantum
753 3351 891 3412 castrum
921 3345 988 3411 iam
1009 3345 1151 3411 dirutum
1172 3346 1205 3411 oi
1226 3346 1366 3427 febrium

216 3435 483 3520 opprimeretur,
516 3456 644 3517 cumque
673 3434 771 3500 tensis
800 3434 945 3500 tentoriis
972 3435 1010 3500 in
1040 3436 1116 3501 locis
1145 3436 1269 3518 asperis
1292 3458 1364 3519 per-

217 3529 397 3604 noctaret,
421 3524 538 3588 Ionam
561 3523 734 3605 arcessivit,
759 3523 905 3606 aurisque
927 3523 1031 3604 officii
1054 3524 1105 3589 sui
1127 3531 1302 3607 occupatus,
1327 3528 1365 3591 de

216 3612 369 3697 viqitiis
406 3611 570 3677 nocturnis
607 3634 677 3678 eum
717 3612 941 3695 interroqavit,
987 3634 1116 3695 cumque
1152 3613 1261 3679 omnia
1297 3614 1365 3679 iam

218 3700 402 3785 disposita
423 3721 489 3766 esse
511 3700 659 3782 audisset,
683 3708 757 3766 ante
779 3707 914 3767 stratum
935 3723 1027 3765 suum
1043 3723 1105 3783 per
1127 3708 1223 3767 totam
1246 3709 1366 3768 noctem

218 3791 351 3874 ipsum
380 3789 533 3855 excubare
562 3790 663 3855 iussit.
693 3789 824 3855 ‘Etiam
853 3810 923 3855 cum
945 3790 1099 3855 Eustasio
1129 3792 1239 3856 abbate
1261 3792 1366 3856 Leuc

219 3877 349 3944 viensi
383 3875 413 3961 (†
437 3874 513 3962 629)
548 3878 649 3943 Ionas
683 3884 884 3944 convmsatus
916 3878 1041 3944 videtur
1075 3881 1171 3961 esse4,
1210 3879 1276 3944 sive
1313 3880 1367 3946 itte

222 3966 385 4033 Bobium
414 3965 498 4048 visit,
528 3966 601 4048 sios,
629 3969 714 4049 quod
740 3967 860 4048 malim,
890 3966 957 4049 ipse
980 3968 1161 4033 Luuooium
1190 3969 1367 4033 translatus

187 4075 192 4103 ³
224 4063 305 4122 est:
329 4055 500 4121 monaebos
528 4054 614 4121 enim
635 4055 722 4121 inter
743 4057 871 4121 abbates
893 4055 1057 4137 utriusque.
1078 4056 1266 4121 monasterii
1288 4078 1366 4121 com·

224 4149 383 4210 mutatos
404 4163 469 4208 esse
490 4143 558 4225 ipse
580 4146 742 4209 testatur⁸.
780 4145 866 4209 Ante
880 4143 1021 4223 Bertutfi
1041 4144 1157 4208 obitum
1179 4150 1208 4209 et
1229 4145 1367 4224 fortasse

228 4256 265 4299 o.
292 4255 326 4298 a.
345 4238 420 4296 639.
444 4234 532 4314 apud
552 4232 674 4311 fratres
695 4232 870 4298 Bobieuses
892 4233 1174 4313 covumorobatur4,
1205 4234 1302 4298 donec
1324 4235 1365 4299 ab

227 4321 397 4386 Amando
425 4320 566 4403 episcopo
595 4320 724 4386 adiutor
752 4327 895 4387 evocatus
923 4327 976 4403 est,
1011 4327 1048 4386 ut
1078 4320 1117 4385 in
1150 4322 1366 4387 cmoertcndis

230 4408 390 4475 Francis
406 4408 549 4491 mqanis
570 4408 635 4491 ipsi
657 4409 825 4475 assisteret.
864 4410 948 4474 Mon
969 4409 1007 4474 in
1034 4409 1178 4475 Galliam
1201 4410 1365 4493 Betqicom

187 4506 194 4543 ὃ
215 4498 413 4581 profectus,
431 4518 531 4580 prope
546 4498 708 4563 Etnonem
726 4498 832 4564 rivum
850 4498 1025 4564 constitisse
1042 4498 1175 4581 videtur,
1199 4521 1233 4564 eo
1250 4501 1366 4581 procui

229 4585 339 4653 dubio
369 4585 443 4666 ioco,
473 4607 564 4668 quem
586 4586 813 4653 monasterium
835 4610 857 4652 a
878 4593 987 4652 saneto
1009 4594 1218 4653 constructum
1241 4595 1365 4670 postea·

229 4696 303 4759 que
326 4694 367 4739 eu
387 4673 456 4757 ipso
479 4675 669 4757 appebbctum
692 4677 871 4756 occupabat,
894 4674 1029 4757 indeque
1050 4683 1250 4742 succurrentes
1271 4697 1365 4758 prae-

229 4764 404 4830 dicatores
430 4763 572 4846 pentium
595 4784 658 4845 per
684 4763 834 4845 Scarpim
857 4763 1059 4846 Scaidimque
1088 4764 1240 4829 lintribus
1267 4786 1364 4846 usque

229 4851 699 4935 udomanioranaviqabant.
734 4852 851 4934 Quoin
861 4852 984 4934 ncqotio
993 4852 1185 4935 pravissimo
1195 4852 1365 4918 minimum

229 4939 421 5006 triennium
436 4942 669 5023 perseverabat.
708 4940 881 5006 Praeterea
903 4940 998 5005 ctiam
1020 4941 1058 5006 in
1075 4940 1266 5006 monasterio
1281 4940 1363 5005 Eoo-

230 5028 386 5096 riaocnsi
408 5029 530 5094 diutius
552 5028 726 5095 constitisse
748 5030 881 5111 videtur,
912 5029 967 5094 ubi
995 5029 1119 5112 virqine
1147 5032 1286 5111 quadam
1315 5030 1364 5094 de·

240 5203 278 5325 13
290 5203 322 5257 V.
342 5202 460 5289 cotum·
476 5202 553 5269 H,2.
580 5204 637 5289 ⁹2)
657 5204 700 5259 Ib.
719 5204 799 5268 11,s.
853 5204 881 5272 6)
899 5204 943 5258 Ib.
960 5204 1001 5268 II,
1012 5206 1056 5258 23.
1110 5203 1138 5270 4)
1160 5203 1201 5267 Cf.
1221 5204 1363 5271 maulam

276 5274 460 5329 ‚Columbons
475 5290 664 5341 praemissam.

299 5381 372 5423 lom
1204 5385 1223 5438 4
