3184 6800
318 1303 352 1359 38
529 1298 655 1367 IONAS,
668 1297 789 1354 VITAE
808 1296 1036 1353 COLUMBANI
1053 1295 1162 1351 LIBRI
1180 1295 1220 1354 IL

318 1481 467 1548 subrerbio
497 1478 748 1546 Matisconensis
776 1478 867 1544 urbis
896 1480 1103 1544 cmrsederont
1131 1477 1183 1544 die
1212 1483 1336 1556 statuto,
1367 1475 1466 1571 casm

317 1569 418 1638 subito
439 1573 545 1636 maior
567 1569 677 1633 domus
697 1574 795 1633 morte
815 1573 1011 1650 praecentus
1036 1566 1163 1631 interiit
1171 1567 1191 1628 ¹.
1243 1567 1311 1648 Quo
1335 1564 1468 1631 omcffll

317 1658 471 1740 fiduciam
509 1655 768 1722 adversariorum
801 1662 831 1720 et
867 1655 1021 1739 inprimis
1053 1655 1197 1738 Aqrestii
1234 1653 1470 1740 imminuta?

252 1799 260 1816 .
294 1768 385 1813 .esse
418 1745 567 1812 credibile
600 1752 653 1810 cst.
703 1745 880 1810 Accusator
911 1743 996 1809 enim
1030 1765 1161 1826 surqens
1193 1765 1232 1809 ea
1266 1764 1350 1825 quae
1385 1744 1470 1824 ‘⁶3⁸

325 1833 512 1901 Oolmnboni
540 1833 682 1916 requiam
711 1833 773 1898 sibi
802 1832 966 1898 obicienda
995 1838 1089 1898 eram
1117 1831 1322 1898 trementibus
1344 1826 1471 1898 labi1⁸
1482 1835 1492 1874 ⁵

319 1922 494 2003 edisseruit,
524 1922 642 1987 sci-licet
669 1923 835 2002 superfluo
863 1928 893 1986 et
915 1921 1088 1987 canonicae
1108 1920 1307 1986 institutioni
1330 1920 1471 1987 uena

319 2012 380 2077 illa
413 2009 576 2091 cmrtineri,
611 2009 706 2076 veluti
738 2010 933 2091 frequentem
965 2015 996 2075 et
1027 2008 1181 2100 siquandi
1210 2009 1389 2075 cochlearis
1416 1998 1472 2072 el

320 2099 545 2165 benedictionis
567 2099 765 2180 quaerendae
787 2097 1072 2179 cousuetudinem,
1095 2103 1301 2180 sanctumque
1323 2121 1348 2163 a
1372 2105 1471 2164 ccte‘

320 2209 429 2254 rorum
451 2187 591 2253 moribus
620 2186 789 2252 desciscere
818 2186 946 2252 diversa
975 2192 1005 2251 et
1032 2186 1204 2251 missarum
1232 2185 1469 2252 celebratione

320 2284 350 2342 et
378 2283 519 2342 tonsura.
570 2275 717 2357 Quaestio
746 2275 847 2357 iqitur
874 2274 1027 2356 marimo,
1062 2296 1125 2357 qua
1153 2274 1304 2356 publicus
1333 2289 1464 2340 rerum
1492 2283 1509 2321 ¹

321 2366 397 2430 ordo
420 2366 610 2444 turbaretur,
635 2363 802 2446 paschalis
824 2363 951 2445 seilicet,
982 2386 1004 2429 a
1026 2364 1113 2429 Iona
1142 2363 1282 2428 consulto
1313 2364 1463 2429 silentio

314 2452 547 2537 praetermissa
568 2459 621 2533 est,
653 2455 727 2517 dam
755 2458 820 2516 tota
846 2473 927 2534 quoe
948 2451 1000 2517 bic
1022 2452 1198 2534 castiqatur
1220 2451 1462 2534 discrepantia

319 2541 405 2607 inter
434 2547 599 2623 utrumque
631 2541 730 2605 ritum
763 2540 892 2605 leuioris
924 2540 1072 2605 momenti
1105 2547 1158 2621 est,
1193 2542 1239 2605 ad
1270 2540 1463 2606 intestinas·

320 2636 443 2696 lantum
459 2629 627 2712 pertinens
648 2651 708 2694 res.
748 2630 839 2694 Idem
862 2632 900 2693 de
922 2628 1179 2695 reconciliatione
1199 2629 1372 2694 dicendum
1391 2637 1456 2709 est,

320 2739 415 2801 qnam
431 2719 533 2784 Ionas
550 2717 598 2783 ita
613 2718 733 2798 factam
752 2738 817 2783 esse
835 2717 954 2798 statuit,
978 2724 1014 2782 ut
1028 2717 1210 2800 Aqrestium
1233 2717 1462 2800 disciplinam

319 2806 524 2890 institutoque
557 2806 706 2889 maqistri
739 2808 958 2872 detrectantem
987 2805 1159 2870 Eustasius
1192 2806 1460 2888 haudquaquam

316 2895 475 2978 patienter
504 2895 612 2975 ferens
641 2894 730 2960 intra
753 2901 953 2977 praesentem
976 2915 1098 2960 annum
1121 2894 1158 2958 in
1184 2894 1330 2959 dioinum
1362 2895 1460 2961 indi-

321 2984 404 3050 cium
434 2983 612 3064 ooeaoisset,
643 3005 702 3064 quo
727 2983 900 3065 praesaqio
930 2983 1069 3048 terribili
1092 2981 1202 3064 partis
1223 2983 1463 3064 Aqrestianae

320 3073 463 3151 fautores
480 3071 631 3153 perculsi-
643 3071 844 3137 concordiam
862 3071 1080 3136 restituissent.
1119 3071 1338 3150 Manifestum
1357 3073 1460 3138 enim

321 3166 374 3240 est,
409 3159 588 3241 quaestione
616 3159 766 3241 paschali
800 3161 947 3241 neqlecta,
982 3160 1142 3243 episcopos
1171 3180 1242 3224 cnm
1267 3161 1461 3241 monacbis

321 3247 574 3313 [amoriensibus
591 3269 762 3330 numquam
778 3251 969 3314 concordare
986 3248 1136 3330 potuisse,
1159 3248 1299 3330 ideoque,
1324 3249 1356 3313 si
1373 3268 1458 3330 pan·

321 3343 395 3403 tuno
424 3336 514 3417 facta
542 3342 595 3416 est,
626 3336 664 3402 id
685 3339 768 3419 quod
796 3357 861 3402 non
883 3337 1038 3419 neqarim,
1069 3343 1174 3402 tamen
1197 3336 1401 3404 condiciones
1423 3360 1453 3402 a

316 3432 412 3510 parte
441 3427 576 3491 aduersa
606 3426 741 3492 dictatas
770 3447 867 3508 eaque
896 3426 1058 3492 occasione
1087 3447 1152 3491 666
1174 3427 1274 3490 solum
1297 3428 1451 3509 req-ulam

321 3514 537 3594 reformatam,
572 3516 627 3579 sed
654 3514 750 3579 etium
780 3514 946 3596 antiquom
976 3515 1151 3580 Scottorum
1184 3515 1446 3599 supputationem

321 3604 507 3684 abroqotom
521 3623 586 3667 esse
601 3624 722 3668 neeesse
737 3605 811 3668 cst³.
846 3605 912 3684 Quo
927 3603 1021 3684 facto,
1038 3624 1108 3668 cum
1123 3602 1239 3684 reliqui
1255 3602 1444 3669 Gabinorum
1467 3613 1505 3661 66

321 3690 456 3773 episcopi
486 3697 550 3755 turn
573 3692 731 3757 Abolenus
752 3691 918 3757 monacbis
946 3713 1012 3757 666
1035 3693 1135 3757 solum
1157 3712 1222 3756 666
1245 3692 1441 3772 obstiterunt,

320 3779 492 3844 sedetiam
516 3781 561 3843 od
589 3782 812 3861 confirmanda
840 3780 1027 3846 Oolumbani
1048 3780 1196 3845 instituta
1219 3801 1350 3863 operam
1374 3802 1442 3846 con·

321 3868 469 3933 tulerunt.
514 3869 687 3934 Eustasius
716 3876 820 3933 autem
842 3862 1049 3954 disciplinam
1080 3869 1287 3935 coenobialem
1310 3868 1442 3934 mininie

321 3955 490 4037 remittens,
514 3956 570 4039 qui
584 3956 733 4040 Aqrcstio
755 3957 891 4039 aliisque
914 3957 1125 4023 secedentibus
1139 3956 1203 4022 sibi
1218 3963 1443 4022 remanserant

320 4065 372 4111 eos
395 4045 538 4127 colliqere
560 4048 710 4111 studebat.
757 4046 911 4110 Maxima
933 4047 1159 4111 monachorum
1180 4045 1350 4110 multitudo
1372 4045 1443 4127 ipso
1458 4070 1480 4111 6

319 4136 515 4216 qubernante
541 4134 721 4199 Lucceium
750 4135 913 4215 confluxit,
943 4134 992 4200 ito
1019 4141 1055 4198 ut
1083 4136 1167 4200 locus
1196 4134 1250 4198 cix
1279 4135 1444 4215 sufficeret

321 4221 448 4304 alioque
470 4222 507 4287 in
529 4222 647 4289 ricinis
674 4222 751 4289 locis
772 4222 968 4289 monasteria
991 4225 1201 4289 construenda
1223 4228 1333 4303 esseut,
1361 4243 1444 4303 quoe

321 4309 403 4375 sieut
429 4310 698 4376 Graudioallense
719 4312 938 4377 Waldcbertus
964 4312 1033 4377 eius
1055 4312 1233 4377 successor4
1256 4310 1304 4392 (a.
1323 4316 1444 4375 629—

319 4398 404 4479 670)
427 4398 618 4478 aedificavit.
657 4400 830 4465 Eustasius
853 4400 929 4482 ipse,
948 4407 1117 4482 postquam
1133 4420 1195 4482 per
1218 4399 1353 4481 triqinta
1373 4400 1445 4466 dics

321 4485 505 4567 aeqrotaoit,
529 4508 560 4551 o.
579 4493 652 4568 629,
677 4488 729 4553 die
752 4494 782 4552 2.
799 4488 936 4571 Aprilis,
960 4489 1103 4553 animam
1126 4487 1332 4569 suspirarit5.
1463 4513 1489 4554 ss

324 4713 351 4780 1)
374 4713 420 4764 En
439 4714 493 4766 loeo
510 4714 712 4781 Frcdeqarrano
729 4715 781 4781 IV,
798 4718 842 4781 54,
861 4732 951 4768 annus
973 4717 1079 4768 concilii
1096 4716 1300 4768 Matisconeusrs
1318 4724 1447 4769 accierate

322 4785 541 4838 determinandus
564 4790 609 4852 est,
635 4787 665 4837 id
687 4787 758 4853 quod
779 4790 963 4854 praetermisit
987 4787 1019 4843 F.
1039 4786 1173 4851 Maassen,
1200 4787 1318 4839 Cmrcr'lta
1336 4786 1361 4850 I,
1379 4789 1446 4844 206.

323 4856 469 4924 616966
483 4857 581 4911 coenob.
600 4873 621 4911 a.
635 4860 659 4912 1.
672 4860 697 4912 3.
760 4858 789 4923 3)
803 4860 838 4916 Α,
850 4856 957 4923 Honcle,
978 4858 1191 4923 ίΚ6666666666.
1204 4858 1409 4911 Deulscblandd
1421 4860 1446 4925 I,

319 4944 348 4995 p.
361 4928 421 4983 284.
435 4930 487 4983 286
496 4927 514 4994 ⁸,
529 4927 689 4981 columbano
700 4929 810 4994 ecpulso
822 4929 970 4981 Scottomcm
985 4932 1200 4995 supputationem
1215 4931 1271 4980 iam
1283 4928 1447 4996 obroqotom

322 5013 375 5050 csse
393 4998 484 5065 coluit,
503 5000 553 5051 etsi
568 4998 672 5065 reliqua
687 5015 778 5052 eorum
795 5002 921 5051 instituta
936 5002 1068 5067 usquead
1079 5001 1209 5065 synodum
1222 4999 1448 5053 Matisconensem
1465 5011 1493 5049 46

318 5068 483 5137 perdurasse
500 5070 631 5121 traditum
648 5075 693 5126 est.
760 5069 788 5140 4)
807 5072 836 5125 V.
855 5070 993 5123 Miroculo
1011 5071 1174 5123 Watdabntr'
1190 5077 1213 5124 et
1229 5070 1356 5123 Eustasii
1372 5080 1447 5128 auct.

321 5139 435 5262 {iddsopq
444 5140 503 5227 ‚⁸⁸
520 5141 551 5192 X
555 5141 586 5207 V,
601 5142 677 5195 1172.
750 5140 778 5210 5)
795 5142 861 5193 Vide
878 5158 908 5193 m
925 5158 992 5209 quae
1009 5143 1090 5205 infra
1109 5143 1145 5193 ad
1161 5142 1192 5197 V.
1212 5141 1326 5197 0666666.
1346 5143 1386 5208 11,
1401 5147 1447 5213 10,

358 5225 393 5262 no
405 5227 456 5266 am.
