3184 6800
462 1011 587 1083 Iocus,
600 1010 722 1068 VITAE
740 1011 970 1070 COLUMBANI
985 1013 1096 1070 LIBRI
1112 1015 1152 1071 Π.
1330 1024 1366 1078 39

356 1195 433 1276 Ipso
456 1197 578 1260 sedente
600 1194 845 1274 Bertutfus¹
866 1194 966 1261 mtam
993 1196 1171 1278 reputarem
1199 1197 1237 1264 in
1259 1219 1365 1265 mona

244 1282 343 1348 sterio
359 1283 556 1348 marmensi
577 1283 634 1349 din
656 1282 742 1365 depit
762 1283 814 1346 cir
833 1304 947 1364 ponere
969 1284 1093 1365 nobilis,
1116 1285 1173 1367 ani
1194 1307 1233 1351 ea
1253 1287 1366 1370 pontiti

244 1371 446 1438 cbristianus
467 1372 581 1452 faetus,
612 1371 755 1437 dimmsis
776 1373 869 1437 rebus
891 1372 1045 1453 munibus,
1068 1373 1203 1454 Arnuld
1225 1375 1366 1460 episcopi

244 1460 417 1526 Mettensis
439 1459 668 1543 consanpuinei
689 1459 824 1541 oesbpia
841 1459 952 1543 primo
974 1467 1095 1526 secutus
1118 1469 1196 1528 erat.
1242 1463 1366 1530 Atbala

189 1569 203 1608 s
244 1555 352 1614 antem
369 1570 440 1614 cum
457 1547 613 1614 saltatio
631 1547 793 1631 profectus
807 1548 985 1613 lamoniam
1002 1552 1160 1632 quondam
1178 1551 1365 1634 aduenisset,

242 1637 351 1720 κ’ρεκκκ
372 1637 490 1703 sociam
513 1636 576 1702 sibi
602 1636 764 1718 cooptavit,
794 1657 893 1718 neam
915 1638 1088 1703 Eustasius
1110 1659 1294 1704 eonsensum
1315 1641 1365 1706 de-

243 1725 398 1807 trectarit,
429 1747 499 1791 cum
528 1724 768 1791 concordissimi
797 1731 833 1789 ut
858 1732 952 1791 erant
973 1726 1107 1809 cotbepae
1129 1728 1281 1794 subiectos
1302 1728 1365 1795 sibi

242 1814 381 1880 incican
403 1819 637 1894 commutarent,
661 1813 727 1879 sire
741 1813 794 1879 bic
808 1813 873 1879 sice
890 1813 944 1879 itte
959 1814 1209 1880 desiderabatur.
1248 1816 1365 1882 Moma-

241 1902 342 1968 sterio
363 1902 520 1968 Bobiensi
540 1902 608 1967 iam
630 1900 810 1983 adscriptus
831 1901 1002 1982 Bertutfus
1025 1910 1196 1985 praecepta
1217 1904 1366 1987 mapistri

189 2018 196 2044 ›
242 1998 310 2057 tam
332 1997 460 2056 strenue
481 1990 638 2074 implebat,
661 1996 697 2055 ut
717 1996 841 2054 mortuo
855 1991 980 2056 Atbaia
994 1997 1058 2055 tota
1081 1993 1281 2076 conprepatio
1296 2014 1365 2059 con·

242 2100 341 2145 sensu
377 2078 532 2144 unanimo
566 2099 636 2144 eum
672 2078 711 2143 in
742 2085 913 2160 paternam
947 2079 1135 2162 dianitotem
1170 2081 1363 2164 sublimaret,

226 2167 443 2251 pimuospue
460 2188 499 2232 ea
513 2167 676 2233 occasione
691 2179 859 2233 concentus
873 2167 925 2232 ius
939 2168 1064 2233 abbatis
1078 2168 1216 2252 elipendi
1231 2169 1366 2236 liberum

244 2255 423 2322 enercuisse
450 2255 584 2320 uidetur.
629 2257 782 2321 Attamen
811 2255 936 2321 Probus
964 2257 1126 2339 episcopus
1154 2258 1366 2324 Dertouensis

244 2345 387 2410 abbatem
411 2365 481 2409 cum
497 2343 688 2410 monasterio
707 2365 784 2410 suae
801 2344 1018 2410 iurisdictioui
1038 2347 1170 2410 subdere
1186 2346 1363 2428 intendem,

244 2455 279 2499 eo
301 2432 435 2499 consitio
458 2433 579 2498 anticos
604 2433 832 2517 pontificesque
853 2432 976 2498 munos
1004 2433 1067 2498 sibi
1089 2433 1278 2515 concdiaoit,
1302 2457 1365 2517 per

244 2543 323 2604 anos
352 2520 574 2586 Arionatdnm
601 2542 705 2604 repem
734 2521 1021 2603 Lanpobardorum
1054 2543 1165 2604 capere
1193 2524 1300 2604 odiet,·
1333 2523 1365 2588 is

244 2617 351 2676 autern
371 2609 443 2674 iure
460 2609 667 2675 eeclesiastico
683 2611 887 2691 probandam
902 2631 1046 2675 essenon
1063 2610 1234 2693 mnoraoit,
1257 2618 1364 2677 utrum

244 2697 441 2764 mormsteria
464 2699 578 2780 praeut
600 2698 641 2763 ab
662 2697 794 2764 urbibus
816 2698 880 2764 sita
905 2697 1076 2780 episcopati
1097 2699 1238 2765 dominio
1260 2699 1364 2765 subia-

245 2793 350 2853 cerent
372 2808 492 2867 annon,
516 2806 706 2868 causamque
720 2787 862 2852 alienam
880 2787 1034 2870 attinpere
1050 2787 1160 2853 notuit.
1193 2787 1365 2869 Bertubfns

189 2899 198 2925 ³
246 2897 324 2957 cum,
348 2875 428 2957 quid
448 2875 485 2940 in
506 2896 540 2940 se
562 2896 694 2957 samsom
715 2882 898 2956 moreretur,
922 2875 963 2941 ab
980 2875 1084 2942 aulico
1100 2878 1235 2959 quodam
1251 2877 1365 2943 certior

244 2964 351 3045 factus
380 2970 466 3044 esset,
497 2962 624 3047 etipse
652 2985 756 3046 repom
784 2963 936 3045 ambiens,
966 2967 1012 3030 ad
1036 2965 1192 3031 iudicium
1214 2967 1365 3049 synodale

244 3053 379 3119 reiectus
407 3058 461 3117 est.
507 3053 603 3117 Illud
630 3073 697 3118 non
725 3052 795 3118 sine
818 3074 917 3118 emesa
939 3053 1184 3135 perhorrescens
1206 3055 1293 3121 bitem
1321 3056 1367 3121 ad

244 3143 349 3207 sedem
371 3141 574 3222 apostoticam
597 3141 721 3221 deferre
744 3141 877 3222 maluit,¹
910 3162 968 3206 rea
989 3162 1063 3207 aero
1091 3143 1236 3225 quamvis
1264 3149 1365 3209 sectae

244 3229 396 3295 Arianae
424 3229 548 3295 deditas
577 3235 663 3311 esset,
693 3235 799 3295 tamen
821 3229 984 3295 monacbis
1006 3231 1111 3312 napis
1138 3252 1235 3313 auom
1257 3233 1365 3297 adoer-

189 3333 219 3374 5
245 3317 346 3384 soriis
360 3339 469 3382 eorum
482 3318 596 3398 famens
610 3324 735 3401 sumptu
744 3318 873 3401 publico
888 3339 958 3383 eum
973 3340 1043 3384 curn
1058 3319 1213 3402 obsequiis
1228 3320 1365 3386 Roriam

238 3408 478 3491 perducendum
507 3407 640 3473 curarit.
693 3408 862 3472 Honorius
888 3429 980 3489 papa
1008 3409 1193 3475 examinata
1221 3410 1365 3493 reputari

244 3495 420 3577 disceptina
441 3495 544 3577 ipsam
568 3495 679 3562 cotidie
701 3496 899 3578 adhortatus,
929 3503 965 3561 ut
986 3504 1106 3580 pestem
1128 3498 1294 3564 Arianam
1315 3520 1364 3564 ea·

245 3584 409 3667 tinpueret,
440 3586 567 3650 tandem
589 3584 799 3667 prioitepium
827 3591 965 3667 optatum
988 3608 1020 3651 a.
1038 3593 1111 3668 628,
1135 3588 1167 3651 d.
1186 3594 1236 3651 ll.
1260 3588 1363 3669 Iunii,

244 3673 275 3739 ei
297 3672 435 3756 barpitns
457 3679 510 3751 est,
541 3692 601 3753 qno
624 3673 851 3739 monasterimn
873 3673 1092 3740 iurisdictioni
1121 3675 1292 3757 episcopati
1315 3697 1364 3740 ea·

209 3768 380 3844 coemptum
417 3760 557 3826 dominio
588 3762 704 3844 papati
740 3762 890 3844 subdidit,
929 3763 1082 3845 episcopis
1115 3764 1163 3829 oet
1198 3764 1365 3830 introitum

243 3850 447 3929 interdicens,
478 3850 545 3914 nisi
574 3871 596 3914 a
618 3850 802 3932 praeposito
831 3850 959 3916 inritati
987 3852 1033 3916 ad
1053 3851 1222 3916 missarum
1246 3852 1364 3917 soblem-

244 3938 377 4005 nitatem
407 3938 626 4003 celebrandam
655 3938 750 4005 asciti
778 3942 910 4005 essenti
963 3939 1100 4005 Fratres
1128 3942 1185 4006 sub
1214 3940 1364 4021 Bertutfo

244 4026 385 4093 mundis
399 4047 464 4092 non
479 4028 579 4092 sotum
594 4027 684 4110 apris
701 4027 865 4093 sedetiam
880 4027 997 4094 vitibus
1010 4029 1176 4111 vacabant,
1194 4029 1365 4112 uineaeque

243 4116 363 4198 saeptis
384 4114 527 4181 munitae
547 4137 632 4182 unns
653 4137 762 4181 eorum
783 4122 885 4181 custos
904 4123 1038 4199 tempore
1060 4117 1239 4184 vindemiae
1262 4118 1364 4201 *prae
1382 4140 1459 4193 υ.

195 4233 225 4274 ss
238 4205 428 4286 ponebatur,
451 4225 491 4270 ne
513 4204 621 4270 aoimn
636 4205 845 4270 bestiarnmoe
858 4204 1009 4271 incursus
1023 4208 1175 4272 damnum
1192 4206 1362 4287 inferrent.

245 4294 365 4375 Saepta
387 4299 490 4357 auum
518 4292 690 4375 quotannis
712 4292 881 4358 arboribus
903 4295 1069 4360 demonem
1091 4302 1191 4378 erant,
1221 4296 1260 4362 in
1282 4299 1366 4378 quod

244 4380 404 4464 nepotium
426 4382 666 4463 transipendum
691 4388 732 4445 30
755 4382 904 4448 monachi
932 4382 1023 4448 iussu
1051 4385 1176 4449 abbatis
1205 4386 1365 4466 quondam

243 4470 486 4536 incubusruut3.
509 4470 854 4553 Bertutfnspostqnom
866 4471 1365 4538 tredecimanuosmonasterinm

241 4558 440 4642 pubernooit,
463 4558 631 4638 defunctus
652 4565 697 4624 est
719 4580 744 4625 c.
769 4582 801 4624 a.
818 4564 893 4624 639.

192 4678 225 4718 eo
358 4646 527 4714 Winiocms
553 4649 718 4733 presbyter
751 4668 790 4713 ea
817 4648 1025 4729 paroecianis
1057 4651 1102 4714 ad
1136 4648 1364 4715 Columbanum

243 4735 441 4802 visitandum
463 4736 603 4802 Lemovii
624 4757 717 4818 saepe
740 4738 862 4815 oderat,
893 4736 1044 4803 siverim
1066 4736 1202 4817 artificii
1223 4737 1364 4803 admira·

245 4911 274 4979 1)
291 4912 321 4965 V.
341 4910 459 4965 Columb.
478 4910 519 4977 II,
533 4913 576 4966 23.
667 4910 695 4979 2)
721 4911 907 4977 Prim'lepr'um¹
923 4912 962 4965 ed.
981 4913 1011 4962 in
1029 4910 1102 4964 Hist.
1118 4914 1226 4978 patriae
1246 4926 1363 4966 monum

243 4982 340 5037 aare.
361 4989 422 5037 tom.
441 4982 466 5047 I,
485 4983 532 5035 ool.
546 4985 579 5049 5,·
596 4984 630 5046 cf.
649 4980 727 5047 Jafft
742 4998 786 5036 ur.
799 4982 897 5037 2017'.
970 4981 998 5051 3)
1017 4983 1047 5034 V.
1068 4981 1184 5037 columb.
1202 4982 1244 5049 H,
1257 4985 1302 5039 25.
