3184 6800
367 1333 491 1403 IONAS,
505 1333 625 1390 VITAE
644 1332 873 1388 GOLUMBANI
891 1332 999 1387 LIBRI
1016 1334 1056 1392 Π.
1218 1338 1271 1392 139

85 1507 112 1548 ᾖ
176 1495 247 1594 E·I,
268 1538 347 1581 saec.
374 1517 475 1581 XIV.
522 1518 568 1581 In
596 1538 666 1581 enm
696 1516 840 1580 ordinem
869 1537 929 1597 qno
963 1516 1080 1581 editnm
1113 1523 1160 1581 est
1192 1538 1271 1600 opas

176 1599 313 1669 remoram
343 1627 407 1670 esse
436 1605 635 1671 coniecerant
664 1628 685 1669 a
707 1604 856 1670 Iohanne
884 1605 1095 1687 Oappraoe
1118 1603 1148 1686 (b
1175 1606 1269 1688 1464)

85 1775 99 1795 Ἡ
176 1682 292 1758 fratrom
315 1694 518 1759 eremitarum
543 1695 576 1759 S.
601 1693 778 1776 Anpnstini
808 1693 844 1757 in
868 1694 1013 1759 coenobio
1042 1693 1270 1759 Oantnariensi

94 1804 97 1813 ·
173 1782 264 1863 sodali,
289 1789 401 1864 postea
423 1783 512 1847 illins
535 1782 659 1849 ordinis
684 1781 890 1863 provinciali,
922 1782 1012 1847 cnins
1040 1783 1167 1848 nomine
1188 1783 1273 1849 ilbnd

85 1956 87 1958 Ι
147 1863 243 1936 rhodie
265 1871 496 1952 circumfertur,
521 1893 619 1953 neqne
640 1891 713 1935 nero
736 1871 771 1935 in
791 1870 949 1936 calicibas
967 1893 1064 1952 nveqne
1082 1871 1119 1936 in
1134 1871 1271 1937 editione

85 1962 88 1969 “
161 1960 294 2042 principe
316 1961 418 2042 ipsins
439 1960 555 2024 mentio
577 1962 624 2040 sit.
663 1962 816 2024 Attamen
838 1959 911 2024 hnic
932 1961 1055 2025 anctori
1071 1960 1272 2042 ‘Uatabopnm

97 2132 100 2138 .
162 2048 215 2114 sire
238 2048 420 2130 Lependam
442 2056 624 2114 sanctornm
647 2048 795 2130 Analiae'
819 2049 976 2129 enpressis
1001 2049 1103 2114 oerbis
1127 2049 1274 2114 attribnit

158 2137 315 2203 Henricns
338 2138 496 2202 Wharton
518 2137 752 2219 archiepiscopo
779 2137 1008 2202 Cantnariensi
1037 2161 1058 2201 a
1088 2138 1191 2203 sacris
1220 2141 1271 2203 do

85 2274 89 2285 .
156 2227 287 2292 mesticis
310 2226 540 2309 expilatamqne
555 2248 620 2291 esse
635 2226 805 2290 historiam
820 2226 915 2290 istam
930 2227 1056 2291 addidit
1079 2226 1127 2291 ‘ea
1149 2226 1272 2309 inpenti

122 2337 141 2379 n
154 2338 185 2381 ac
208 2317 351 2400 palchro
373 2318 542 2380 admodnm
571 2315 727 2379 oolnmine
749 2315 888 2379 einsdem
910 2316 1098 2398 arpnmenti,
1129 2319 1213 2397 qnod
1233 2316 1272 2381 in

152 2405 338 2471 bibliotheca
369 2404 559 2469 Calloniana
593 2405 659 2468 Ms.
696 2404 888 2468 asservatur
900 2405 920 2467 ¹,
974 2405 1066 2470 Haec
1099 2407 1193 2470 verba
1227 2407 1273 2470 ad

152 2493 383 2575 Sanctitopinm
416 2495 500 2574 qnod
531 2514 566 2558 re
599 2514 675 2558 oera
698 2493 867 2574 Lependae
900 2495 1023 2558 snbesse
1058 2493 1127 2557 dini
1154 2495 1271 2577 procnl

152 2583 243 2649 dnbio
275 2582 445 2661 referenda
474 2589 556 2663 snnt,
587 2603 715 2663 emmone
745 2581 824 2646 talia
854 2582 909 2645 oin
931 2605 952 2646 a
975 2603 1130 2663 qnoqnam
1152 2582 1270 2664 escapi-

151 2672 212 2735 tari
230 2671 405 2752 potuerint,
428 2670 602 2753 Oappraoii
626 2692 739 2734 nomen
762 2670 852 2734 titnlo
867 2673 1044 2735 radendam
1058 2671 1189 2735 minime
1205 2692 1271 2736 esse

119 2784 138 2823 a
151 2781 266 2826 censeo.
307 2760 437 2842 Prolopi
459 2761 514 2842 ani
532 2760 696 2842 praecedit
711 2760 887 2823 clansnlam
904 2759 1011 2840 potins
1029 2759 1160 2824 editoris
1174 2781 1271 2841 qnam

151 2849 291 2914 auctoris
313 2849 417 2929 operis
439 2871 505 2914 esse
526 2849 611 2913 inter
627 2870 732 2913 omnes
750 2854 873 2912 constat
887 2855 978 2928 atqne
993 2847 1089 2912 etiam
1104 2848 1141 2912 in
1157 2848 1270 2929 priore

149 2943 233 3003 tenta
263 2939 350 3002 locas
384 2939 593 3019 deprehensns
622 2944 675 3019 est,
709 2937 764 3017 qni
792 2937 830 3001 in
859 2936 1032 3017 Caporaoii
1062 2959 1172 3001 aeonm
1201 2958 1270 3002 eon-

148 3027 256 3092 renire
280 3047 346 3090 non
368 3026 499 3106 oidetar,
523 3027 588 3091 siae
610 3026 664 3091 ille
687 3032 766 3090 totns
789 3028 829 3090 ab
848 3026 965 3090 editore
988 3025 1116 3090 additas
1138 3026 1270 3091 estsine

147 3137 165 3178 a
186 3115 372 3197 Cappraaio
388 3115 592 3199 conscriptas,
612 3139 633 3180 a
649 3114 820 3180 recentiore
834 3114 1051 3195 interpolatas.
1088 3115 1270 3179 Sermonem

109 3203 281 3269 ninterim
303 3225 368 3268 non
391 3210 586 3287 nepaoernnt
612 3203 831 3286 Oappraoiani
854 3224 919 3268 esse
935 3203 1153 3284 persimilem²
1175 3210 1269 3285 atqne

143 3315 184 3357 en
215 3294 324 3357 eodem
347 3295 478 3374 protom
507 3293 710 3374 intelbepitnr,
743 3299 900 3357 anctorem
929 3292 1032 3372 ipsias
1061 3293 1156 3358 etiam
1186 3294 1269 3358 colli·

135 3382 262 3462 pendis
284 3389 465 3448 sanctornm
493 3381 568 3447 ritis
597 3402 724 3464 operam
753 3382 883 3462 dedisse,
914 3383 1044 3447 eandem
1074 3381 1175 3465 ipitnr
1204 3405 1270 3449 esse

138 3480 308 3538 anctorem
338 3472 450 3552 operis.
501 3474 616 3536 Tentns
646 3492 727 3551 aera,
762 3471 818 3552 qni
846 3491 908 3552 per
930 3472 1112 3553 Lependam
1142 3475 1186 3537 ad
1212 3494 1270 3537 nos

122 3568 366 3641 pervenerant,
396 3582 492 3642 qnam
520 3560 658 3624 manime
686 3560 852 3624 retractati
882 3566 974 3641 atone
999 3560 1036 3624 in
1059 3563 1148 3626 breae
1171 3561 1270 3626 coacti

85 3663 105 3705 b
134 3657 224 3714 sant
246 3670 345 3730 neqne
368 3653 405 3714 de
429 3651 465 3714 V.
491 3648 687 3729 Oolnmbani
711 3670 791 3730 qnae
814 3648 869 3727 fol.
888 3648 1051 3712 65¹-68‘.
1076 3649 1113 3712 in
1135 3649 1270 3715 editione

121 3739 304 3820 principe,
326 3761 358 3819 p.
376 3745 575 3803 roo—216.
600 3738 675 3802 tomi
698 3738 729 3801 I.
753 3738 790 3802 in
814 3738 1031 3802 recentissima
1053 3745 1190 3820 occupat,
1224 3740 1270 3802 in-

136 3829 257 3892 onnda
287 3827 408 3906 referre
434 3833 560 3910 poterat
588 3827 638 3891 W.
663 3827 802 3891 Leoison
831 3827 944 3905 socins,
975 3828 1059 3892 hanc
1087 3827 1191 3907 ipsam
1221 3848 1270 3891 ea-

134 3915 304 3981 ‹aminans
333 3916 369 3981 in
396 3916 579 3980 bibliotheca
607 3915 828 3979 nnioersitatis
850 3915 1034 3979 Bonnensis
1064 3923 1269 3980 asservatam.

147 4008 272 4070 Tantas
295 4002 469 4088 (praescr.:
499 4006 551 4069 De
582 4010 702 4070 sanabo
726 4005 941 4068 Columbano
972 4005 1097 4068 abbate
1128 4008 1163 4068 eb
1194 4027 1270 4068 eon·

85 4111 97 4148 v
135 4092 292 4172 sessore)
322 4094 451 4158 exordio
481 4095 640 4158 decnrtato
670 4092 791 4173 incipit,
826 4092 907 4157 sient
937 4092 1055 4156 codices
1079 4091 1271 4157 Britannici

142 4183 264 4246 A2a1·
275 4184 294 4221 ²·
305 4184 325 4263 ³,
361 4182 479 4247 scilicet
513 4206 534 4247 a
563 4183 599 4262 Ι,
631 4188 667 4246 2:
705 4184 834 4246 Beatus
869 4182 1104 4245 Columbanus
1138 4183 1175 4243 in
1209 4182 1270 4244 Hi·

143 4271 273 4336 bernia
307 4272 422 4335 insula
459 4274 496 4335 in
530 4292 677 4336 occeano
713 4274 795 4344 sita,
833 4292 934 4354 quam
970 4270 1150 4334 Scotorum
1186 4291 1270 4353 gens

143 4362 337 4437 inhabitat,
377 4365 473 4425 orbus
509 4366 570 4438 est,
610 4381 682 4423 mon
714 4381 787 4423 nero
821 4360 866 4423 ad
893 4358 1002 4423 aliena
1032 4359 1150 4423 transit
1177 4359 1271 4424 haec:

148 4450 323 4514 Hibernia
347 4450 437 4514 enim
462 4450 654 4533 anbiquibus
678 4450 794 4513 Seobia
819 4450 912 4513 dicta
936 4453 1003 4521 esb;
1030 4450 1072 4513 de
1096 4470 1164 4531 qua
1187 4470 1270 4531 gens

85 4551 93 4585 '³
155 4540 336 4603 Sabboram
359 4539 543 4602 Albaniam
569 4539 748 4602 Bribannie
764 4539 889 4601 Maiori
913 4540 1111 4621 proximam,
1137 4560 1202 4621 que
1227 4538 1270 4601 ab

156 4632 281 4692 eventu
305 4629 405 4691 modo
429 4628 545 4691 Scotia
576 4628 712 4703 dieitur,
743 4628 942 4691 inhabitans
973 4628 1139 4709 originem
1172 4627 1271 4690 duxit

158 4721 190 4779 eb
212 4737 428 4801 progressum
453 4717 585 4792 habuit,
610 4715 775 4796 mnltisqne
793 4714 1030 4795 praetermissis
1052 4720 1082 4779 et
1102 4716 1193 4779 oalde
1214 4715 1271 4778 im-

157 4806 291 4887 mntatis,
315 4804 361 4868 ito
384 4805 484 4868 atad
510 4803 737 4868 Uolnmbamcm
764 4804 898 4867 alteram
920 4804 1078 4867 miracala
1100 4803 1271 4867 bestiarnm

160 4889 196 4969 (c.
215 4894 273 4976 17)
297 4894 400 4958 relata
422 4893 488 4957 sint
510 4895 555 4958 ad
575 4899 720 4957 sanctam
742 4892 846 4972 ipsnm
870 4892 1051 4973 spectantia,
1083 4893 1147 4956 loco
1171 4914 1196 4956 c.
1217 4898 1270 4954 30.

85 5100 120 5140 ὓ
161 5101 183 5165 1)
204 5102 240 5156 H.
267 5102 408 5167 Whorton,
435 5102 579 5169 Appendia
606 5102 642 5152 ad
669 5102 811 5153 historiam
841 5103 1003 5153 litterariam
1033 5102 1171 5152 Gallielmi
1196 5101 1271 5167 Cave,

163 5172 272 5225 amesae
292 5176 370 5237 1693,
387 5191 414 5240 p.
427 5175 471 5227 89.
538 5175 565 5239 2)
587 5173 744 5238 Hinpeston,
765 5173 898 5223 Iohannis
917 5171 1055 5239 Cappraoe
1073 5173 1140 5225 tiber
1158 5174 1189 5223 de
1207 5174 1272 5223 dtu-

161 5245 256 5296 stribns
274 5245 403 5297 Henricis
420 5245 535 5310 (Rmnm
556 5245 778 5295 Britannicarum
800 5245 882 5295 mmii
898 5245 957 5294 acoi
973 5245 1123 5309 scriptores,
1142 5244 1273 5296 Londinii

164 5314 233 5380 1858,
252 5324 313 5371 tom.
328 5315 391 5381 VII,
406 5332 435 5382 p.
449 5315 567 5380 XLIX),
586 5316 634 5381 qni
646 5314 789 5381 prolopnm
808 5316 842 5369 ib.
858 5331 888 5382 p.
905 5316 955 5368 195
964 5330 1019 5380 sqq.
1038 5315 1127 5369 edidit.
