3184 6800
260 1364 314 1417 324
502 1357 628 1426 IONAS,
641 1356 736 1412 VITA
754 1356 944 1412 IOHANNIS
964 1356 1139 1414 ABBATIS.

254 1541 363 1624 pbicis
393 1547 514 1607 secutus
547 1562 617 1604 sum
627 1541 648 1605 1.
701 1539 826 1605 Codicis
860 1545 963 1604 autem
994 1539 1059 1604 Ae
1095 1539 1251 1606 librarius
1279 1539 1354 1605 multo

262 1630 416 1696 recentior
438 1651 610 1694 sermouem
633 1628 829 1693 uetustiorem
847 1630 978 1693 eumdem
996 1649 1116 1710 parum
1135 1636 1300 1696 correctum
1314 1647 1355 1692 suo

262 1719 420 1785 arbitratu
437 1718 562 1800 possim
584 1718 756 1782 immutaris
778 1719 910 1782 eamdem
931 1719 1027 1797 [idem
1049 1739 1114 1782 uou
1132 1725 1277 1783 meretur.
1308 1717 1355 1781 lto·

262 1830 320 1890 que
335 1807 423 1889 felici
444 1829 519 1874 casu
540 1806 677 1888 coutipit,
696 1813 732 1871 ut
746 1807 790 1870 ad
807 1813 923 1871 tcutum
938 1808 1169 1871 emeudoudum
1188 1828 1253 1871 uou
1263 1804 1357 1889 paucis

262 1897 348 1978 locis,
372 1895 427 1960 ubi
450 1895 513 1958 Al
538 1895 659 1975 defecit,
684 1895 752 1960 alio
774 1893 920 1959 subsidia
942 1894 1090 1960 adhiberi
1112 1895 1230 1962 liceret.
1370 1916 1379 1954 s

369 1985 455 2050 Acco
485 1984 569 2048 euim
603 1983 805 2065 Oaroliupico
835 1983 915 2048 liber
945 1984 1046 2049 Iouae
1077 1984 1115 2048 iu
1144 1983 1248 2065 ipsius
1275 1980 1359 2050 sumti

262 2073 452 2138 mouusterio
476 2095 497 2137 a
520 2073 639 2137 duobus
661 2071 811 2151 falsariis
836 2078 1025 2136 retractatus
1046 2078 1100 2137 cst.
1147 2072 1270 2138 Auctor
1286 2071 1360 2154 prim

262 2162 297 2226 B
319 2183 384 2227 uou
412 2161 512 2226 solum
542 2182 714 2225 sermouem
748 2160 905 2241 expolivit,
941 2163 997 2226 scd
1029 2160 1123 2225 etiam
1160 2162 1361 2227 narrationem

263 2251 367 2332 ipsam
389 2249 502 2314 melius
524 2249 685 2331 disposuit,
709 2249 833 2314 iucerta
856 2248 1085 2331 determinavit,
1110 2251 1231 2315 omisso
1250 2249 1362 2332 proprio

264 2341 375 2404 Marte
394 2339 545 2404 audacter
563 2337 723 2420 suppleuit,
747 2337 817 2402 alia
835 2337 978 2419 abscidit,
998 2338 1157 2404 miracula
1175 2340 1242 2404 tria
1259 2346 1363 2405 tautum
1375 2358 1393 2396 ιο

264 2427 442 2508 admitteris,
465 2427 559 2509 idque
583 2429 627 2491 ad
652 2427 800 2508 peuerale
823 2427 979 2508 quoddam
1002 2428 1259 2509 coucludeudum,
1283 2447 1364 2509 ucpm

264 2518 350 2581 ultro
372 2515 476 2581 saucti
498 2522 627 2580 mortem
649 2535 839 2597 progressus
862 2521 924 2580 cst:
952 2515 1117 2581 sordidam
1145 2516 1248 2599 ipitur
1269 2523 1365 2582 uestem

264 2627 329 2670 uou
357 2605 427 2670 siue
457 2611 525 2669 arte
554 2605 693 2685 quadam
720 2603 963 2684 splendidiorem
985 2605 1134 2685 reddidit,
1164 2606 1250 2671 bauo
1278 2612 1366 2670 aurun

264 2701 299 2759 ut
328 2695 563 2774 commoudoret,
599 2691 635 2757 iu
664 2692 839 2772 impudenti
867 2692 1031 2758 meudacio
1060 2693 1193 2776 delituit,
1224 2716 1257 2759 se
1279 2695 1367 2776 ipsum

264 2783 387 2848 saeculo
407 2782 465 2864 VI,
484 2782 612 2862 ideoque
631 2787 704 2846 aute
721 2781 847 2862 Iouam,
866 2781 983 2846 ciuisse
999 2781 1175 2861 affirmaris
1193 2782 1245 2847 bis
1262 2782 1367 2848 uerbis:
1380 2800 1397 2840 o

266 2873 311 2936 Es
338 2893 382 2937 ne
412 2873 488 2954 quis
522 2873 588 2935 hoo
622 2870 820 2935 fabulosum
854 2875 955 2954 putet
990 2891 1062 2936 esse
1097 2874 1189 2954 quod
1225 2874 1368 2945 dicimus,

265 2963 436 3026 referente
452 2961 525 3024 viro
541 2960 730 3023 venerabili
745 2960 914 3044 Agripino
931 2960 1085 3035 diacono,
1105 2961 1214 3045 ipsius
1229 2959 1369 3046 Agrestii

266 3050 347 3126 filio,
384 3049 636 3132 eognovimus2.
699 3047 777 3112 Cum
814 3047 1023 3128 iuterpolator
1060 3048 1227 3130 Grcporii,
1268 3050 1371 3115 scilicet

266 3137 421 3203 libror-ius
444 3136 559 3202 codicis
573 3135 751 3201 Berueusis
773 3157 806 3199 u.
826 3143 899 3217 199,
922 3158 1002 3202 saec.
1019 3137 1081 3201 IX
1089 3139 1109 3217 ³,
1135 3137 1241 3201 Vitam
1264 3139 1371 3218 falsam

266 3226 331 3290 iam
362 3225 479 3307 leperit,
510 3225 681 3289 uerisimile
710 3231 763 3306 est,
796 3227 841 3289 ad
867 3225 977 3290 Caroli
1000 3225 1120 3307 Mapui
1152 3248 1266 3291 aeorum
1289 3228 1402 3291 eloco-u

267 3314 363 3378 tiouis
384 3314 572 3393 facilitatem
595 3315 796 3393 resereudom
820 3336 893 3379 esse.
933 3315 1043 3395 Neque
1065 3316 1161 3378 multo
1177 3323 1254 3397 post
1276 3321 1372 3381 auctor

272 3403 305 3483 O,
324 3405 485 3485 permulto
507 3403 666 3467 ruiroculo
688 3403 726 3468 iu
748 3402 782 3466 B
805 3403 922 3468 omissa
945 3425 1009 3468 esse
1032 3425 1124 3486 oepre
1147 3405 1266 3487 fereris,
1291 3402 1372 3470 eooA

267 3498 296 3556 ct
324 3491 358 3555 B
387 3491 512 3556 tertium
542 3491 647 3555 Vitam
677 3493 843 3557 couseruit.
889 3492 1068 3557 Materiam
1101 3492 1139 3557 iro
1173 3496 1253 3558 duos
1287 3494 1373 3558 libros

267 3580 437 3660 distribuit,
461 3579 508 3644 ita
531 3586 566 3643 ut
581 3579 725 3660 priorem
748 3587 848 3645 temtus
870 3580 904 3644 B
927 3603 995 3646 cum
1019 3584 1139 3646 duobus
1160 3582 1329 3648 miraculis
1348 3580 1373 3645 A

266 3691 322 3733 suo
353 3670 416 3733 loco
446 3668 584 3749 iusertis,
609 3668 817 3750 posteriorem
847 3676 950 3734 autem
980 3670 1012 3733 A
1042 3678 1218 3753 occuparet.
1266 3673 1374 3735 Foutcs
1387 3687 1406 3729 m

267 3757 450 3839 compilator
479 3758 546 3836 fere
574 3760 617 3822 od
645 3759 772 3821 corbum
802 3758 968 3839 exscripsit
996 3759 1044 3823 ael
1073 3759 1178 3823 Vitam
1202 3761 1245 3841 A,
1277 3783 1298 3824 a
1321 3780 1374 3842 orco

266 3849 471 3912 retractauda
494 3868 566 3910 mou
589 3846 758 3927 destiterat,
783 3848 839 3911 sed
860 3848 941 3911 locos
964 3847 1155 3912 boruileticos
1174 3849 1209 3911 B
1231 3846 1376 3931 eapuuuit

266 3935 393 4016 aliaque
416 3935 543 4000 addidit
563 3935 744 4015 iuccrtopue
767 3935 885 4016 etipse
908 3936 1137 4001 determiuaoit.
1184 3938 1237 4002 De
1260 3938 1375 4020 oripim

266 4031 369 4088 autem
392 4024 532 4105 opusculi
554 4023 605 4087 sui
628 4024 798 4088 decessoris
815 4023 948 4105 oestipio
965 4032 1087 4089 secutus
1104 4026 1152 4089 oel
1169 4025 1376 4107 impudentius

265 4112 413 4177 meutitus
436 4120 489 4177 est.
533 4112 701 4178 Oouteudit
723 4112 816 4194 euim,
841 4134 892 4177 res
910 4136 931 4177 a
949 4113 1096 4177 Iobouue
1117 4120 1224 4195 postas
1240 4115 1409 4196 primoum

266 4223 297 4265 sc
321 4202 530 4282 descripsisse,
557 4199 621 4281 ‘qui
651 4201 742 4265 illum
764 4222 857 4282 saepe
886 4201 1039 4266 uidisseut
1060 4202 1203 4267 oioorum
1226 4226 1265 4269 aa
1289 4224 1376 4285 prae

265 4290 401 4354 seutium
424 4289 575 4354 memorio
597 4289 710 4368 teste’4,
741 4289 989 4372 miraculumque
1016 4292 1100 4372 quod
1120 4291 1188 4375 ipse
1213 4292 1377 4358 addidit'o

265 4386 373 4443 soucto
407 4378 469 4443 sibi
504 4376 642 4458 ‘proprio
679 4379 853 4442 sermoue'⁵
890 4386 1077 4444 euarrotum
1114 4401 1187 4461 esse,
1229 4388 1377 4464 totumquo

266 4468 399 4531 alterum
429 4467 543 4531 librum
574 4469 614 4531 ab
645 4466 712 4531 eius
741 4467 863 4546 tomulo
886 4468 985 4532 Laeto
1015 4468 1157 4534 diacouo.
1205 4469 1378 4536 Mendacio

265 4577 325 4620 suo
348 4556 414 4637 ipse
437 4556 602 4637 redorpuit
631 4556 720 4619 bomo
750 4556 891 4637 stolidus,
924 4557 1073 4637 proprios
1103 4558 1206 4623 Iouoc
1235 4560 1379 4641 prolopos
1392 4576 1414 4618 ss

259 4644 478 4725 praemitteres,
502 4646 586 4708 uude
609 4651 638 4708 et
655 4651 773 4726 tempus
791 4651 821 4709 et
837 4666 951 4710 uomere
969 4646 1037 4710 oeri
1055 4646 1194 4711 auctoris
1214 4648 1378 4730 collipitur.

265 4734 310 4796 Iu
332 4732 442 4796 ultimo
461 4733 549 4797 Vitae
572 4733 680 4814 capite,
709 4735 793 4814 quod
815 4736 859 4798 ad
882 4734 1067 4798 Silvestrum
1091 4737 1234 4800 abbatem
1257 4742 1378 4818 spectat,

266 4821 440 4886 Fortuuoti
463 4822 498 4885 V.
528 4821 684 4886 Germani
718 4844 743 4886 c.
769 4828 822 4885 35.
852 4829 881 4887 et
914 4823 1068 4906 eupilaoit
1101 4830 1130 4888 et
1164 4824 1307 4890 citauit⁶.
1352 4824 1382 4889 E

265 4909 537 4991 trauslotiouibus,
569 4931 649 4992 quae
678 4913 917 4992 subsequuntur,
940 4912 1084 4993 priorem
1114 4933 1153 4976 cco
1176 4914 1281 4979 Iouae
1305 4914 1381 4979 libro

267 5121 292 5187 l)
314 5122 351 5171 At
376 5122 494 5171 litteram
511 5119 530 5170 h
549 5120 616 5171 rnalc
635 5120 754 5171 aciditam
778 5123 918 5187 suppressi
938 5128 963 5171 et
980 5123 1010 5172 iu
1029 5124 1078 5176 Al
1101 5121 1300 5191 (exhemplum,
1319 5124 1415 5191 hitutt

265 5189 373 5256 homne,
392 5190 481 5257 husui)
501 5197 524 5242 ct
542 5193 572 5242 iu
591 5193 642 5244 Au
659 5190 784 5258 (hortus).
857 5194 884 5259 2)
904 5192 968 5244 Vide
985 5194 1066 5257 iufra
1083 5209 1104 5247 o.
1118 5197 1142 5248 9.
1217 5198 1245 5262 3)
1263 5196 1312 5250 SS.
1332 5214 1384 5251 rer.

265 5262 364 5315 Morou.
377 5262 402 5326 I,
417 5278 447 5328 p.
459 5264 520 5317 803.
574 5261 604 5330 4)
626 5262 688 5312 Vita
708 5262 736 5325 G,
756 5263 780 5328 1,
800 5267 815 5326 ξ
834 5265 858 5317 3.
914 5266 941 5330 5)
962 5264 1044 5330 Ib,I,
1063 5269 1077 5329 ς
1098 5266 1139 5320 14.
1195 5267 1223 5335 6)
1244 5265 1385 5336 Scriptum

265 5331 293 5382 in
313 5332 394 5401 gestis
413 5332 530 5385 habetur
547 5331 664 5401 praefati
681 5332 756 5385 besti
776 5332 914 5389 Germani.
