3184 6800
302 1313 339 1368 54
514 1307 640 1377 Ionos,
653 1307 775 1363 VITAE
793 1306 1022 1363 GOLUMBANI
1041 1306 1150 1363 LIBRI
1166 1305 1208 1364 Π.

302 1489 431 1556 555551.
478 1489 648 1572 Ipnoraoit
675 1488 776 1570 ipitur
800 1488 952 1570 Sipiberti
980 1487 1102 1554 dicioni
1123 1487 1314 1554 Aristrasios
1344 1489 1430 1554 satos

302 1578 442 1645 subditos
469 1577 571 1658 fuisse
599 1583 801 1658 sanctumque
829 1577 868 1642 in
897 1578 1055 1659 Vosapnm
1081 1576 1247 1642 aduenisse
1269 1576 1360 1642 circo
1387 1584 1427 1642 15

303 1666 402 1734 annis
425 1672 654 1749 postmortem
684 1665 787 1747 repis,
821 1672 895 1732 tunc
924 1672 1028 1730 autem
1055 1665 1316 1731 Gunttsrammne
1339 1666 1429 1730 Bur·

301 1755 498 1838 pandionum
513 1775 645 1835 repuum
656 1753 791 1819 tenuisse
806 1754 901 1835 idque
916 1754 1116 1820 Obddeberto
1131 1756 1256 1819 51555555
1269 1761 1429 1837 repnante
1517 1784 1520 1847 g

303 1843 547 1908 Austrasiorum
573 1863 670 1925 repno
692 1842 858 1908 accessisse
880 1842 913 1906 ai
935 1841 1026 1924 pacti
1047 1841 1292 1908 Andetauensis.
1346 1842 1459 1909 Onms
1518 1854 1520 1861 '

303 1933 341 1997 de
358 1931 509 2015 Sipiberti
525 1953 597 1997 nece
611 1937 641 1997 et
659 1930 856 1997 Obitdeberti
872 1930 1066 2013 primordiis
1084 1937 1232 1997 5555555
1249 1930 1429 1998 instmoctns
1517 1936 1520 1941 ’

304 2026 389 2101 esset,
420 2020 487 2085 uisi
514 2020 622 2101 satior,
652 2041 668 2084 e
696 2019 846 2102 Grepnii
875 2019 962 2084 Hist.
986 2020 1047 2084 Fr.
1071 2020 1137 2099 IV,
1162 2026 1216 2083 50.
1247 2026 1299 2084 51.
1332 2020 1370 2102 V,
1396 2027 1426 2102 1,

304 2109 439 2175 codicem
461 2129 551 2190 quem
572 2108 684 2173 babuit
703 2107 845 2189 suspicor
862 2109 1109 2190 haudquaquam
1131 2107 1290 2191 inteprnm
1311 2108 1426 2190 fuisse,

304 2199 360 2263 sed
381 2217 436 2262 sea
458 2203 581 2261 tantun
598 2196 725 2278 priores
748 2196 916 2261 Historiae
939 2198 998 2262 Fr.
1023 2196 1120 2261 libros
1142 2196 1346 2276 continuisse,
1370 2197 1428 2279 qui

304 2286 404 2351 classe
425 2286 459 2350 B
482 2285 690 2350 continentur.
735 2286 791 2349 Ea
813 2305 894 2366 quae
916 2287 954 2350 de
977 2285 1066 2350 bottis
1088 2305 1196 2367 rapum
1218 2286 1429 2350 Francamnn
1447 2311 1473 2350 m

305 2397 336 2440 5.
354 2380 552 2438 610-613.
574 2373 670 2456 pestis
692 2373 858 2438 enarravit
880 2373 916 2438 in
934 2373 1119 2439 universum
1136 2394 1206 2438 cum
1224 2374 1428 2456 Fredepan'o

305 2462 503 2544 conueniunt,
533 2462 589 2543 qui
618 2483 786 2527 consensus
808 2462 845 2526 in
867 2462 927 2527 bac
956 2462 1094 2541 fontium
1117 2461 1260 2544 pentima
1289 2462 1429 2528 nummi

304 2550 452 2616 manenti
474 2557 538 2632 est,·
565 2550 620 2615 ubi
642 2556 746 2615 autem
769 2550 951 2632 discrepant
960 2553 980 2631 ²,
1011 2550 1058 2615 ibi
1086 2553 1182 2629 fidem
1204 2550 1429 2617 chronicorum

305 2640 556 2722 anteponendam
579 2660 643 2704 esse
666 2660 773 2704 censeo
795 2639 1015 2723 bapioprapbo
1038 2639 1164 2704 Italico.

414 2728 516 2793 Situm
545 2729 682 2793 locorum
710 2727 926 2809 multipliciter
948 2727 1159 2793 determinare
1188 2729 1307 2794 solebat
1327 2749 1429 2810 caque
1448 2754 1474 2794 ss

305 2837 385 2898 quae
418 2817 485 2899 ipse
519 2817 637 2882 viserat
670 2816 781 2898 optione
815 2816 990 2898 descripsit.
1044 2816 1282 2882 Victoriacuml
1314 2817 1430 2882 udum

300 2905 464 2986 publicam
496 2905 533 2969 in
566 2906 746 2970 suburbano
773 2905 993 2970 Atrebatcnsis
1021 2904 1111 2970 urbis
1139 2905 1235 2969 sitam
1264 2926 1331 2970 esse
1362 2926 1429 2971 non

305 2993 475 3075 ipnoraoit,
505 2993 619 3074 quippe
647 2993 704 3074 qui
732 2993 822 3060 baud
843 2995 958 3074 procat
987 2995 1027 3058 ab
1056 3014 1095 3058 ea
1123 2995 1211 3074 apud
1238 2994 1429 3059 Amandum

307 3087 381 3147 tunc
407 3088 660 3161 carnmoraretur,
690 3080 829 3162 situsque
852 3081 1072 3146 Vesontionis3
1099 3082 1190 3147 urbis
1219 3088 1340 3147 natura
1362 3083 1429 3162 for·

307 3169 379 3234 titer
401 3169 542 3233 munitus
571 3169 601 3233 ei
630 3169 813 3234 notissimus
841 3177 920 3235 erat,
966 3170 1117 3235 Attamen
1145 3191 1253 3235 errore
1280 3171 1351 3250 sere
1379 3170 1429 3237 in
1448 3197 1476 3236 m

308 3258 481 3322 ausaotu'
504 3259 648 3322 Iotrense
669 3258 895 3323 monasterium
919 3257 1016 3323 ‘intra
1034 3258 1152 3324 Iorani
1174 3259 1307 3324 uuus*
1328 3259 1430 3324 situm

308 3367 374 3411 esse
407 3345 550 3428 credidit,
585 3345 656 3412 ticet
689 3345 756 3428 ipse
788 3347 878 3413 baud
904 3348 1019 3435 procui
1047 3349 1087 3413 ab
1117 3369 1152 3413 ea
1174 3347 1212 3413 in
1234 3348 1430 3414 monasterio

308 3434 519 3499 anriacensi
541 3441 741 3501 conversatus
763 3443 850 3517 esset,
880 3444 910 3501 et
929 3437 1157 3501 monasterium
1181 3437 1430 3503 Sattemutaum

310 3522 415 3607 ‘super
429 3523 564 3601 fluuium
588 3525 817 3589 Vincennaon’⁵
831 3526 948 3607 posuit,
972 3528 1056 3605 quod
1069 3547 1104 3590 re
1118 3546 1194 3590 aera
1209 3525 1279 3590 uiuo
1294 3528 1431 3591 mactem

308 3611 464 3690 influente
485 3613 627 3693 abluitur,
651 3613 706 3694 qui
727 3613 873 3679 Briance
895 3614 1081 3695 appellatur.
1450 3640 1477 3681 ss

415 3700 588 3766 Praeterea
617 3703 654 3765 de
684 3708 785 3766 aetate
815 3702 919 3766 sancti
947 3701 999 3766 sui
1028 3702 1221 3784 biaprapbus
1250 3708 1311 3767 toto
1341 3705 1430 3769 caeto

308 3788 437 3854 errauit.
489 3789 632 3855 brebiati
653 3790 738 3855 enirn
765 3789 993 3855 Columbanurn
1014 3790 1195 3856 vicesimum
1219 3787 1431 3869 (tricesimum

308 3878 340 3941 A
358 3884 388 3941 4.
422 3878 472 3959 B)
511 3877 625 3943 aetatis
662 3900 783 3943 aunum
821 3880 984 3961 apentem⁶
1020 3878 1059 3944 in
1096 3879 1225 3945 Gallias
1261 3880 1431 3946 aduenisse

307 3964 480 4048 55555555
502 3965 647 4032 uicesimo
670 3988 755 4032 anno
771 3967 915 4032 Luaooio
937 3968 1131 4048 abscessisse,
1154 3968 1202 4033 ita
1224 3974 1259 4032 ut
1276 3967 1366 4033 circa
1386 3975 1430 4033 45

308 4076 411 4120 55555
434 4062 529 4120 natus
552 4055 634 4120 dicon
656 4077 836 4137 supremum
859 4055 992 4137 obiisset,
1016 4078 1115 4137 neque
1137 4056 1266 4121 tectione
1288 4056 1430 4123 otiorum
1449 4084 1477 4124 so

308 4142 448 4208 codicum
476 4146 596 4209 medeba
625 4144 800 4225 adhibetur,
836 4166 905 4210 ouon
938 4151 1068 4210 sanctus
1098 4167 1131 4210 se
1159 4144 1264 4226 ipsum
1293 4168 1325 4210 5.
1351 4152 1429 4210 603.

307 4231 392 4297 inter
420 4239 582 4297 ueteranos
611 4254 758 4313 senesque
787 4233 1023 4298 numeraverit⁷
1051 4254 1180 4315 eumque
1206 4235 1251 4297 ad
1271 4255 1430 4300 summam

307 4326 492 4385 senectutem
519 4320 701 4402 peruenisse
734 4342 773 4385 ec
807 4322 949 4387 carmine
982 4323 1027 4387 ad
1054 4321 1219 4387 Fidolium
1248 4321 1430 4405 cottipatur.

308 4408 413 4473 Falsa
435 4408 495 4472 itta
524 4408 671 4489 opinione
699 4410 842 4491 deceptus
863 4410 1037 4492 imapinem
1059 4410 1231 4476 delineavit
1252 4432 1274 4475 a
1296 4411 1431 4477 ueritate

309 4497 386 4560 adeo
409 4495 585 4575 distantem,
615 4497 709 4562 utin
731 4500 946 4564 restauranda
969 4498 1098 4564 ecclesia
1119 4498 1296 4564 Bobicnsi8
1322 4502 1431 4567 trabes
1449 4527 1476 4568 se

308 4583 454 4648 immensi
474 4585 628 4666 ponderis
650 4607 720 4651 oum
743 4588 863 4652 duobus
884 4588 931 4651 uel
954 4587 1055 4652 tribus
1078 4587 1174 4653 sociis
1195 4586 1337 4653 humeris
1358 4588 1431 4654 suis

303 4678 448 4753 portasse
470 4673 557 4738 credi
579 4674 712 4739 coluerit
733 4696 838 4740 senem
860 4676 1060 4757 decrepitum.

415 4761 576 4843 Inprimis
598 4770 701 4828 autem
727 4763 765 4828 id
786 4765 889 4829 Ionae
916 4764 992 4829 citio
1022 4765 1164 4829 dandum
1193 4771 1246 4846 est,
1277 4766 1363 4847 quod
1391 4786 1430 4831 eo

308 4870 389 4932 quae
411 4872 476 4915 uon
498 4857 578 4916 recte
601 4851 735 4916 sensisse
750 4860 929 4936 patronum
946 4875 1039 4918 suum
1058 4852 1193 4919 credidit
1210 4860 1267 4917 aut
1288 4873 1371 4934 quae
1390 4855 1429 4919 de

217 4957 291 5009 ’5,55.
307 4937 462 5004 institutis
479 4938 548 5004 eius
562 4940 692 5004 iuterim
706 4939 874 5007 immutata
889 4948 984 5006 crant
997 4941 1106 5007 omnia
1122 4942 1261 5007 consulto
1277 4942 1428 5025 ‘pruni
1445 4971 1472 5010 a

310 5130 384 5185 1V.
404 5130 518 5185 55555.
538 5130 563 5194 ι,
577 5134 618 5186 18.
673 5133 700 5198 5)
723 5132 765 5187 ao.
785 5134 866 5199 554.
886 5136 929 5189 os.
983 5135 1012 5199 5)
1033 5133 1078 5188 oo.
1097 5135 1121 5200 1,
1134 5137 1177 5189 ao.
1232 5136 1261 5201 4)
1283 5135 1328 5190 55.
1348 5136 1426 5201 uss.

308 5200 398 5337 {goa
418 5202 514 5266 11‚1o.
576 5203 603 5271 5)
622 5202 666 5257 Io.
684 5204 710 5269 1,
724 5205 749 5257 4.
815 5207 841 5271 7)
859 5203 926 5259 55,
945 5204 997 5272 ap.
1017 5206 1075 5269 111,
1090 5207 1149 5260 162.
1211 5205 1239 5275 s)
1259 5206 1290 5260 u.
1311 5207 1424 5260 55555.
