3184 6800
186 1329 225 1384 86
403 1323 529 1393 IONAS,
544 1322 664 1378 VITAE
682 1320 912 1377 COLUMBANI
928 1320 1038 1376 LIBRI
1055 1319 1095 1383 II

297 1507 353 1586 fol.
372 1507 525 1568 58¹—79.
550 1505 626 1570 libri
645 1505 776 1570 secundi
787 1526 871 1586 pars
883 1503 1042 1585 posterior
1061 1501 1129 1585 (II,
1149 1504 1311 1586 11—25),

189 1617 271 1677 quae
290 1595 415 1659 tertium
433 1594 485 1659 bic
503 1594 619 1659 libram
637 1595 747 1674 efficit,
771 1595 827 1658 sed
844 1615 869 1658 c.
887 1599 940 1658 22.
959 1594 1039 1673 finis
1056 1593 1133 1658 inde
1150 1615 1173 1657 a
1191 1593 1312 1658 verbis:

191 1686 358 1749 Similiter
382 1685 451 1748 alio.
475 1684 592 1767 puella
615 1683 824 1747 desideratur.

302 1772 406 1837 colea
435 1792 474 1836 ea
503 1771 595 1836 libris
624 1771 736 1837 classis
761 1771 794 1834 A
819 1770 1072 1853 perfectissimus
1100 1770 1230 1852 quidem
1259 1777 1309 1851 est,

189 1863 245 1926 sed
266 1860 323 1941 fol.
343 1867 460 1924 1-16.
485 1881 555 1925 cum
578 1860 613 1924 V.
638 1859 787 1925 Eustasii
805 1867 916 1940 pastea
939 1867 1147 1924 accesserunt.
1326 1887 1339 1926 1

297 1949 483 2030 Scripturae
504 1948 660 2029 specimen
683 1947 769 2013 dedit
790 1949 923 2012 Laralar
944 1950 1008 2012 lab.
1032 1948 1134 2012 VIII.

296 2036 406 2119 Md)
433 2037 536 2102 Codex
557 2037 904 2120 Compendlensis,
928 2056 989 2117 auo
1003 2036 1223 2102 Mobillonius
1237 2059 1311 2102 usus

188 2133 242 2207 est,
275 2126 383 2190 amnia
406 2127 475 2205 fere
497 2125 598 2190 tribus
621 2125 714 2190 libris
737 2125 889 2191 distincta
911 2125 1091 2190 continebat
1111 2146 1194 2206 auae
1218 2147 1310 2207 prae·

189 2217 308 2295 cedens,
325 2214 443 2280 scilicet
457 2214 538 2278 libro
550 2213 659 2295 primo
678 2215 714 2278 V.
736 2213 933 2293 Colunrbani,
952 2215 1087 2279 secundo
1105 2214 1144 2279 V.
1159 2215 1309 2291 Albalae,

190 2302 281 2368 tertio
310 2303 469 2368 miracula
491 2302 725 2368 Enoriacensia
754 2325 825 2368 curn
855 2304 892 2367 V.
915 2302 1057 2382 Bellulfi
1085 2302 1310 2385 miraculisque
1326 2331 1351 2370 a

188 2391 417 2471 Bobiensibus,
450 2393 507 2456 sed
535 2392 571 2455 V.
602 2391 751 2457 Eustasii
781 2391 1032 2456 desiderabatur.
1084 2392 1199 2457 Etiam
1233 2391 1310 2472 finis

189 2503 214 2546 c.
232 2486 285 2544 22.
303 2480 378 2545 libri
394 2481 447 2545 II.
464 2480 494 2545 ei
508 2483 616 2546 deerat
631 2487 724 2562 atqru
738 2480 871 2562 insuper
885 2481 969 2562 quod
982 2480 1019 2545 iu
1037 2479 1094 2545 illa
1108 2486 1196 2546 ental
1214 2503 1239 2547 c.
1256 2487 1308 2544 25.
1343 2493 1345 2495 ’

295 2568 421 2651 A2a“)
451 2569 556 2635 Codex
577 2568 875 2634 Bruaellensis
904 2575 1056 2650 117461,
1087 2590 1168 2634 saec.
1196 2569 1308 2634 XIII.

187 2658 245 2739 im,
277 2657 351 2722 olim
374 2660 478 2724 Liber
508 2664 626 2723 sancte
654 2659 763 2724 Marie
795 2661 838 2724 de
862 2659 1035 2736 Valeellis,
1067 2661 1240 2724 adnotante
1268 2681 1309 2722 m.

186 2768 213 2811 s.
240 2747 345 2812 XIII
377 2746 422 2829 (p.
448 2750 540 2830 412),
575 2753 640 2811 turn
668 2747 879 2813 Ballbasaris
907 2747 1037 2828 Mareli,
1072 2769 1094 2810 a
1127 2769 1188 2829 quo
1222 2748 1311 2827 faeta
1328 2774 1353 2814 1⁵

182 2835 416 2917 permutatione
447 2858 478 2900 a.
505 2841 601 2900 1637.
630 2836 669 2900 in
690 2836 922 2917 possessionem
951 2837 1083 2900 Domus
1112 2838 1201 2920 prof.
1234 2838 1308 2902 Soc.

188 2926 269 2991 Iesu
303 2928 469 3011 Antverp.
506 2923 563 3006 (m.
599 2946 624 2989 s.
656 2925 781 3005 XVII,
811 2946 846 3006 p.
874 2924 908 3005 l)
942 2924 1042 3002 uenit,
1083 2925 1233 3007 sipnalus
1265 2925 1311 2990 ibi

188 3013 228 3077 P.
255 3019 326 3094 160,
357 3014 441 3077 nitas
463 3020 645 3079 sanctornm
676 3013 831 3078 mensium
855 3013 1044 3078 Novembris
1073 3020 1103 3078 et
1123 3013 1311 3080 Decembris

189 3102 327 3166 continet
349 3123 418 3167 cum
441 3102 527 3167 alias
550 3108 615 3166 lum
638 3103 675 3165 V.
706 3101 894 3167 Columbani
916 3101 1033 3166 librum
1055 3108 1232 3184 utrumque,
1256 3105 1312 3168 sed

183 3190 292 3272 priori
314 3197 344 3254 el
365 3191 534 3255 laterculus
556 3191 697 3274 capilum
723 3197 752 3255 el
781 3191 929 3255 carmina
957 3190 994 3256 in
1023 3191 1107 3256 calce
1128 3193 1244 3257 desunt
1266 3198 1311 3256 at·
1328 3219 1354 3258 11

188 3299 247 3361 arce
269 3278 305 3343 in
322 3278 497 3359 posteriore
520 3280 556 3343 V.
581 3279 729 3344 Eustasii
753 3276 822 3360 (II,
841 3281 965 3362 7-10)
990 3279 1311 3362 desideratamque

189 3386 270 3449 auae
292 3374 367 3450 post
394 3367 516 3433 bialum
545 3375 719 3450 sequnntur
741 3368 857 3433 librum
887 3368 1013 3434 tertium
1042 3368 1198 3451 efficiunt,
1229 3369 1313 3436 sicca

186 3456 224 3521 in
247 3457 344 3521 Aea.
383 3458 503 3522 Insunt
524 3458 624 3540 ipilur

288 3568 324 3627 p.
342 3553 513 3611 90-115.
537 3547 574 3610 V.
604 3546 791 3612 Columbani
814 3568 884 3611 oum
906 3546 1060 3628 epistula:
1083 3548 1215 3631 Incipit
1238 3570 1311 3631 pre·

187 3635 276 3699 tatio
306 3636 342 3698 in
372 3636 445 3700 vita
475 3637 587 3701 sancti
612 3636 819 3701 Oolumbani
849 3637 1052 3701 abbatis-
1081 3672 1127 3681 -
1156 3637 1311 3721 Explicit
1329 3664 1355 3703 ss

187 3724 361 3808 prologus.
407 3725 538 3809 Incipit
568 3725 656 3789 liber
685 3726 816 3809 primus
844 3726 936 3790 vitae
967 3726 1078 3790 sancti
1102 3726 1312 3791 Columbani

189 3813 334 3890 abbatis,
367 3815 465 3877 euius
496 3814 678 3878 celebritas
706 3817 759 3878 est
784 3814 846 3878 IX.
872 3815 930 3878 Kl.
954 3814 1166 3880 Decembris.
1212 3815 1312 3879 Ruti·

188 3901 319 3966 lantem
339 3937 376 3945 —
395 3903 607 3986 —Explicit
625 3903 715 3967 liber
733 3904 874 3987 primus,
898 3902 953 3967 ubi
969 3902 1243 3984 praescriptiones
1262 3924 1312 3968 ca·

181 3988 288 4071 pilum
310 3992 436 4071 adsunt,
459 3993 515 4055 sed
536 3990 663 4055 numeri
685 3990 917 4072 desiderantur,
941 3992 1016 4055 dum
1030 3990 1068 4056 in
1082 3990 1205 4072 reliquo
1229 3991 1312 4057 libro

187 4077 263 4143 illae
286 4077 510 4144 desiderantur
532 4085 562 4144 el
583 4078 618 4143 ln'
640 4081 766 4161 adsum,
1331 4108 1355 4147 n

287 4189 323 4248 p.
344 4174 535 4232 115-119.
560 4169 595 4233 V.
616 4168 755 4233 Albulae
780 4165 849 4250 (II,
870 4167 978 4249 1-6)
1000 4190 1070 4234 cunc
1086 4167 1199 4249 priore
1218 4169 1312 4234 later·-

188 4254 251 4320 cnli
267 4263 381 4337 parte:
404 4257 568 4341 Capitale.
591 4258 671 4322 libri
694 4258 899 4322 secundi-
918 4258 1119 4342 Expliciunt
1143 4260 1311 4342 capitula.

189 4344 319 4428 Incipit
342 4346 430 4410 liber
453 4347 623 4411 secundus
647 4381 691 4391 -
713 4348 932 4431 -Explicit
955 4347 1044 4411 liber
1065 4347 1249 4424 secundus,

289 4454 323 4512 p.
344 4440 534 4498 lle-134.
550 4433 709 4515 posterior
727 4435 859 4499 alterins
878 4434 954 4500 libri
965 4456 1050 4517 pars
1069 4430 1137 4515 (II,
1155 4440 1310 4518 11—25)

188 4540 259 4584 cnm
275 4520 452 4601 posteriore
474 4522 620 4588 laterculi
636 4530 740 4604 parte,
765 4523 883 4588 scilicet
899 4523 1060 4589 miracula
1074 4523 1312 4589 Enoriacensia
1330 4552 1355 4592 11

188 4628 259 4673 cnm
289 4609 324 4673 V.
349 4609 489 4689 Berlnlfi
518 4611 742 4693 miraculisque
772 4612 1002 4677 Bobiensibus:
1034 4614 1198 4697 Capitale
1228 4614 1311 4677 libri

187 4697 287 4761 tercii
309 4733 353 4741 -
376 4699 577 4783 Expliciunt
608 4702 761 4786 capitula
788 4698 973 4779 (numerata
999 4700 1047 4766 ibi
1072 4702 1206 4784 1-19).
1255 4704 1310 4766 In·

188 4786 274 4870 cipit
298 4787 386 4852 liber
407 4790 544 4867 tercius,
576 4789 632 4870 qui
655 4810 719 4853 non
742 4789 895 4854 distincta
917 4790 953 4854 V.
978 4789 1120 4869 Berlnlfi
1142 4791 1188 4855 ad
1208 4811 1235 4856 c.
1259 4797 1308 4871 19,

186 4873 210 4938 i.
233 4896 258 4939 e.
284 4882 336 4941 25.
369 4883 495 4941 nostrae
525 4877 683 4958 editionis,
717 4878 930 4960 continuatur,
961 4878 1126 4943 desinens:
1155 4880 1310 4963 Explicit

187 4964 276 5028 liber
298 4966 426 5030 tercius
449 4967 542 5031 vitae
566 4969 676 5032 sancti
701 4967 908 5032 Columbani
931 4968 1077 5032 abbatis.
1128 4966 1232 5049 capet
1255 4974 1307 5031 22.
1326 4996 1353 5034 a

188 5051 265 5116 libri
288 5053 341 5117 II.
366 5055 470 5118 eodem
494 5055 558 5119 loco
581 5054 651 5119 bc'al
673 5062 765 5137 alane
787 5056 825 5120 in
847 5056 880 5120 A
893 5061 945 5121 211.
970 5055 1013 5121 a‘.

294 5142 381 5207 Erat
414 5142 489 5207 olim
522 5143 765 5225 Antaerpiensis
799 5146 910 5209 domus
936 5144 1104 5227 professae
1137 5145 1207 5211 Soc.
1233 5145 1308 5210 Iesu

186 5227 270 5396 idpm
293 5250 352 5310 qno
375 5232 598 5297 Henscbenins
620 5234 665 5297 ad
686 5233 723 5296 V.
747 5233 887 5299 Albulae
910 5234 1063 5299 edendam
1085 5254 1164 5299 usus
1186 5240 1251 5317 est,·
1278 5255 1306 5298 a.

185 5336 223 5381 rn
240 5338 280 5383 ra
301 5340 337 5399 p.
356 5325 429 5386 142.
