3184 6800
278 1308 313 1362 30
490 1301 616 1371 IONAs,
628 1301 748 1356 VITAE}
767 1298 997 1368 OOLUMBANI
1014 1298 1123 1353 LIBRI
1140 1297 1180 1358 Π.

277 1504 349 1550 uero
378 1485 483 1550 adhuc
511 1483 678 1567 quisquam
712 1503 840 1564 operam
874 1482 968 1562 dedit,
1003 1487 1039 1545 ut
1071 1481 1167 1546 certis
1200 1480 1403 1563 aryumentis

277 1594 385 1638 oerum
414 1580 572 1638 auctorem
600 1572 815 1653 inuestiyaret.
868 1569 1059 1652 Antiquarii
1089 1569 1237 1635 nonnulli
1267 1569 1402 1634 leuiores

277 1661 580 1745 aryumentaiionem
597 1682 692 1743 quam
706 1661 844 1725 menime
859 1659 1062 1724 temerariam
1077 1679 1116 1724 eu
1130 1659 1190 1724 hac
1205 1657 1401 1740 expositione

278 1751 510 1830 concluserunt,
548 1749 667 1815 sedicet
707 1749 935 1815 Columbanum
971 1747 1156 1829 tinyuarum
1193 1768 1259 1812 non
1295 1748 1401 1811 sotum

276 1859 419 1922 yraecoe,
443 1838 614 1904 sedetiam
643 1837 810 1903 hebraicae
835 1837 975 1919 peritum
1004 1835 1113 1916 fuisse,
1144 1835 1240 1900 immo
1269 1856 1308 1900 eu
1338 1836 1432 1901 hace

278 1927 391 2008 tinyua
407 1927 598 2008 psalterium
621 1926 658 1990 in
680 1926 818 1992 latinam
840 1924 1042 1990 transtulisse
1052 1926 1072 2004 ¹,
1103 1926 1188 1990 uude
1217 1923 1400 1989 litterarum

182 2015 443 2089 ⁸p.19.8tietiiiam
468 2016 642 2081 Scottorum
666 2016 715 2080 'eo
738 2014 836 2080 attius
858 2013 972 2092 efferre
988 2015 1201 2094 potuerunt²,·
1230 2014 1287 2077 sed
1301 2034 1401 2094 prae·

278 2103 361 2184 fatie
384 2125 447 2186 qua
470 2104 618 2169 nituntur
634 2103 744 2186 potius
766 2102 961 2184 Hieronymi
983 2101 1166 2184 interpretis
1194 2107 1248 2182 est,
1279 2101 1401 2167 sedicet

278 2192 413 2274 epistula
436 2194 481 2259 ad
504 2193 716 2274 Sophronium
739 2193 848 2256 data³.
901 2192 1024 2256 Auctor
1052 2197 1163 2256 contra
1192 2189 1401 2271 expositionis

279 2287 402 2346 tantum
431 2283 556 2361 aberat,
591 2288 732 2345 monente
755 2281 797 2344 A.
822 2280 949 2363 Peyron
957 2281 979 2360 4,
1014 2284 1050 2342 nt
1079 2278 1262 2343 hebraicam
1290 2279 1400 2344 doctus
1419 2302 1448 2355 ιο

279 2377 356 2434 esset
378 2370 530 2452 tinyuam,
554 2376 589 2434 ut
610 2391 679 2434 eom
702 2390 772 2435 cum
795 2368 924 2451 syriaca
940 2374 1092 2451 perpetuo
1112 2367 1401 2448 confuderitatque

272 2457 504 2540 primiyenium
537 2464 653 2523 tectum
683 2479 931 2522 commemorans
964 2478 1029 2520 non
1063 2462 1224 2521 assecutus
1256 2455 1301 2520 sit
1331 2477 1400 2538 yer-

278 2568 409 2612 manum
431 2547 500 2612 eius
522 2568 657 2611 sensnm.
709 2546 936 2612 Ootumbanum
959 2545 1065 2629 iesum
1087 2544 1275 2626 peritiorem
1297 2544 1399 2624 fnisse

279 2656 318 2699 ec
339 2635 597 2716 interpretatione
619 2636 841 2700 uocabulorum
863 2635 1088 2699 nonnullorum
1116 2633 1248 2698 minime
1277 2634 1399 2698 conchu-

279 2724 414 2788 dendum
438 2731 491 2805 est,
515 2723 628 2806 qnippe
651 2744 731 2806 quae
753 2744 792 2788 ee
816 2722 1018 2788 onomasticrs
1032 2721 1226 2804 Hieronymi
1248 2721 1439 2786 otiorum-1⁶

279 2832 337 2894 que
359 2813 456 2893 facite
486 2813 631 2896 cottiyere
654 2812 841 2894 potuisset⁵.
893 2812 941 2875 At
969 2811 1098 2892 linquae
1125 2831 1259 2892 yruecoe
1288 2817 1399 2876 auctor

278 2900 332 2965 ilie
355 2901 534 2985 incoquitus
556 2901 720 2966 scientiam
744 2901 907 2983 quondam
928 2899 1075 2964 habuisse
1097 2899 1222 2964 uidetur
1237 2919 1399 2981 praecam-

279 3010 338 3070 que
362 2989 544 3074 Symmachi
566 2989 857 3072 interpretationem
878 3010 971 3070 saepe
997 2987 1116 3053 citauit.
1162 2988 1250 3052 Erat
1278 3008 1398 3070 quoque

279 3077 363 3141 iuris
392 3079 559 3157 consultus,
594 3100 671 3142 nam
700 3079 757 3142 sub
787 3078 851 3160 beye
879 3098 998 3142 usurae
1027 3097 1092 3141 non
1121 3075 1283 3158 iynoraoit
1311 3097 1398 3141 exuo

280 3165 394 3230 tionem
417 3165 613 3247 prohibitam
640 3187 714 3246 esse,
745 3173 837 3248 atque
865 3167 956 3231 ualde
983 3164 1126 3247 praeitor
1155 3165 1286 3245 dolebat,
1317 3166 1401 3247 quod
1414 3185 1450 3224 so

280 3253 405 3318 iustitia
439 3275 495 3318 suo
530 3260 664 3336 tempore
696 3255 785 3333 facta
819 3261 898 3320 esset
930 3254 1072 3320 venatis:
1105 3255 1246 3330 vitium,
1282 3253 1397 3334 inquit,

281 3344 373 3427 quod
396 3344 522 3409 nostris
545 3345 729 3430 praecipue
752 3345 874 3409 diebus
897 3345 1097 3410 increbruit.
1135 3341 1241 3408 Vicini
1258 3342 1399 3408 humano

280 3432 462 3497 necessaria
485 3454 550 3497 esse
572 3433 775 3499 eristimabat
797 3440 929 3514 practer
950 3434 1146 3514 frumentum
1168 3431 1264 3497 etiam
1288 3432 1399 3496 einum

281 3527 310 3585 et
332 3522 439 3585 oleum.
492 3521 622 3587 Constat
643 3529 747 3587 annm
771 3522 891 3587 Scottos
913 3529 1037 3587 nostros
1060 3523 1175 3602 ubsque
1201 3520 1399 3601 reliquarum

278 3609 419 3691 pontium
442 3610 579 3691 teyibus6
600 3610 701 3689 fnisse
724 3612 848 3693 locoque
869 3611 939 3675 uini
962 3610 1082 3691 oleique
1104 3608 1288 3674 cerevisiam
1315 3610 1398 3691 buty-

281 3718 412 3778 rumque
435 3699 669 3780 consumpsisse,
693 3702 767 3765 dunc
790 3722 828 3764 eo
851 3721 931 3780 quae
948 3698 1070 3781 protuli
1084 3705 1273 3780 aryumenta
1291 3698 1399 3778 potius

280 3786 317 3850 in
340 3794 498 3852 auctorem
516 3788 632 3868 pteyae
656 3788 809 3852 australis
824 3789 990 3854 conuenire
1005 3786 1161 3852 uidentur.
1200 3784 1399 3867 Diliyentins

282 3877 405 3955 quidem
427 3875 464 3941 in
486 3896 553 3940 rem
575 3898 623 3941 me
645 3898 710 3941 non
736 3876 942 3957 inquisivisse
971 3878 1122 3955 confiteor
1149 3881 1179 3939 et
1206 3895 1299 3958 spero
1328 3875 1398 3953 fore

281 3969 316 4027 ut
345 3964 444 4029 cultor
470 3964 600 4046 quidam
628 3965 733 4029 sancti
761 3965 828 4029 oiri
858 3965 1070 4046 quaestionem
1100 3969 1245 4029 retractet
1271 3962 1399 4044 iamque

281 4053 409 4116 tandem
431 4054 580 4118 obsoleat.
628 4054 765 4118 Interim
787 4061 868 4119 corte
891 4054 1037 4119 dubitare
1060 4052 1139 4132 iicet,
1170 4052 1250 4134 quin
1278 4051 1399 4117 Cabum·

282 4141 358 4206 bani
381 4141 532 4223 expositio
549 4144 747 4224 psalmorum
770 4144 875 4208 adbuc
901 4143 1045 4224 supersit.
1093 4141 1265 4206 Praeterea
1295 4140 1399 4221 ipsum

280 4231 379 4294 mutto
413 4230 482 4296 abia
510 4233 558 4295 oet
592 4234 636 4295 ad
664 4238 789 4296 contum
825 4232 925 4314 diyna
953 4232 1002 4296 oei
1031 4231 1075 4296 od
1103 4230 1275 4295 docendum
1304 4228 1399 4293 utilia

280 4318 458 4383 condidisse
481 4319 567 4384 dicto
590 4327 699 4384 auctor
721 4327 767 4385 est
781 4320 914 4385 Iones⁷.
954 4320 1081 4403 Hymni
1102 4318 1237 4402 quiden,
1261 4318 1307 4381 ad
1324 4337 1399 4399 quos

281 4407 357 4471 haec
379 4409 475 4471 cerba
497 4406 648 4488 inprimis
677 4409 848 4487 referendo
875 4408 1024 4474 videntur
1052 4430 1126 4488 esse,
1157 4430 1178 4472 o
1206 4406 1399 4472 Columbano

282 4635 309 4699 1)
337 4632 458 4699 Hbrord,
485 4634 544 4686 ‘Die
568 4635 762 4688 ireschottische
780 4636 1011 4688 Missionstcirche'
1025 4653 1055 4702 p.
1074 4638 1118 4701 83,
1145 4652 1202 4687 cnm
1227 4635 1400 4687 sectatoribus

280 4706 348 4758 suis.
402 4703 430 4772 2)
449 4704 543 4757 Etiam
555 4706 690 4759 Henricus
701 4708 828 4773 Zimmer,
850 4709 983 4771 ‘Pelayius
1001 4710 1029 4757 in
1048 4706 1166 4770 Irlund',
1184 4707 1309 4758 Beroiini
1321 4709 1399 4771 1901,

276 4791 307 4840 p.
320 4777 345 4839 5,
366 4775 517 4827 litterarum
534 4780 671 4831 scientiam
688 4779 856 4845 studiumque
871 4779 1027 4843 Scottorum,
1046 4778 1116 4844 quod
1133 4779 1170 4828 ad
1187 4794 1280 4829 aeuum
1298 4778 1400 4829 Cotum-

280 4845 346 4910 boni
369 4849 471 4911 attinet,
499 4849 569 4901 iusto
592 4850 687 4915 pluris
710 4852 877 4901 enistimosse
900 4850 969 4900 mihi
992 4850 1104 4903 uidetur.
1182 4848 1210 4917 3)
1235 4848 1400 4900 Psaiterium

281 4919 362 4968 iunio
379 4917 512 4971 Hebraeos
530 4919 693 4983 Hieronymi
715 4922 754 4974 ed.
772 4921 805 4971 de
822 4921 948 4986 Layardc
962 4937 992 4985 p.
1007 4922 1087 4986 lsqq.
1176 4918 1204 4988 4)
1230 4922 1265 4974 A.
1282 4919 1399 4985 Peyron,

282 4988 415 5040 Ciceronis
432 4992 583 5041 orationum
602 4994 755 5055 fraqmente
773 4992 873 5043 inedita
887 5008 918 5057 p.
931 4993 991 5046 189.
1076 4989 1103 5058 5)
1127 4990 1161 5045 Ε.
1179 5006 1222 5056 pr.
1243 4990 1419 5043 Columbeni

280 5061 541 5126 interpretamentum
560 5061 608 5113 hoc
625 5061 702 5125 (Mc.
714 5062 767 5128 Ep.
780 5062 837 5127 III,
852 5080 882 5129 p.
901 5064 960 5126 156,
969 5066 1008 5127 19)
1027 5060 1166 5129 Bargoma
1185 5060 1246 5112 vilis
1271 5062 1401 5114 columba

281 5131 422 5193 manifesto
437 5134 533 5198 pendet
551 5148 584 5183 ceo
599 5132 761 5197 Hieronymi
776 5132 847 5184 libro
864 5135 1094 5200 interpretationis
1111 5133 1299 5185 hebraicorum
1316 5136 1402 5186 nomi·

280 5217 346 5251 num
363 5200 544 5266 (Onomastica
561 5219 642 5255 socru
660 5204 699 5257 ed.
715 5205 747 5256 de
759 5204 886 5268 Laparde
899 5220 930 5271 p.
943 5206 1007 5263 60):
1025 5202 1145 5255 Barionn
1160 5200 1232 5255 filius
1248 5204 1400 5259 columbae.

282 5270 308 5339 6)
327 5274 356 5325 V.
377 5272 493 5327 Cotumb.
510 5275 534 5339 Ι,
547 5277 572 5329 2.
646 5276 673 5341 7)
693 5274 734 5328 lb.
750 5275 775 5340 1,
788 5278 813 5328 3.
