3184 6800
281 1336 333 1390 138
493 1331 618 1401 IONAS,
631 1331 753 1387 VITAE
772 1331 1001 1388 GOLUMBANI
1018 1332 1128 1388 LIBRI
1145 1332 1187 1390 IL

279 1515 335 1580 illo
350 1515 434 1581 hunc
449 1517 489 1579 ab
504 1514 710 1579 universitate
724 1515 906 1596 frequenter
920 1515 968 1580 ita
983 1517 1195 1595 aberrantem,
1215 1516 1299 1582 sicut
1315 1495 1410 1600 apud

280 1604 507 1668 Mabillonium
524 1603 646 1685 leqitnr,
666 1603 795 1685 plenius
810 1603 1047 1669 exscribendum
1063 1605 1176 1670 curaui
1191 1611 1222 1670 et
1237 1606 1391 1686 proniores

278 1692 539 1776 interpolationes
553 1691 719 1772 hiatusque
734 1713 840 1756 omnes
857 1692 959 1757 attuli.
988 1693 1245 1775 Orthopraphica
1257 1701 1287 1758 et
1300 1715 1387 1776 pran-

279 1781 397 1846 matica
412 1780 534 1845 collatis
550 1781 707 1845 codicibus
722 1781 841 1845 admisi
856 1803 902 1863 ea,
923 1803 1003 1863 quae
1021 1782 1245 1847 consuetudini
1264 1782 1388 1847 auctoris

280 1891 450 1952 conqruere
472 1869 670 1933 uidebantur.
1407 1881 1420 1924 1

386 1959 442 2022 Ad
463 1959 547 2022 hanc
569 1979 683 2022 nouam
706 1958 873 2023 editionem
896 1962 1083 2039 parandam
1112 1981 1176 2024 non
1200 1961 1304 2025 solnm
1327 1981 1391 2042 quos

279 2054 374 2112 antea
397 2047 606 2111 adhibueram
630 2047 749 2112 codices
771 2048 919 2111 nonnulli
941 2047 1056 2112 iterum
1073 2048 1235 2129 pervoluti
1260 2049 1391 2132 plenius·

279 2158 338 2218 que
360 2157 445 2200 nurcc
467 2134 618 2216 exscripti
641 2142 722 2215 sunt,
747 2136 918 2200 sedetiam
941 2139 1015 2201 noui
1038 2136 1176 2201 adhibiti
1194 2137 1287 2202 haud
1303 2136 1393 2219 pauci

279 2232 372 2305 atque
393 2225 431 2288 in
452 2231 587 2305 utroque
604 2245 639 2288 re
658 2231 805 2288 strenuus
823 2226 952 2289 adiutor
965 2246 1053 2289 ruens
1067 2224 1170 2289 eutitii
1191 2226 1245 2291 W.
1262 2227 1393 2291 Leuison

181 2334 184 2340 ·
278 2314 391 2378 sonus.
430 2313 541 2377 Etiam
564 2315 608 2377 ad
622 2313 840 2377 describendos
863 2320 955 2394 atque
977 2314 1210 2379 examinandos
1228 2317 1394 2396 permultos
1408 2334 1426 2372 1⁰

279 2402 398 2467 codices
427 2401 482 2483 qui
511 2423 596 2466 nunc
619 2403 741 2465 demum
764 2409 963 2467 accesserunt
988 2403 1025 2466 in
1049 2402 1257 2484 praefatione
1281 2425 1394 2468 enunie-

278 2491 344 2556 rati
378 2511 505 2572 operam
537 2489 735 2571 studiumque
768 2491 852 2554 idem
886 2491 1053 2573 diliqenter
1082 2491 1216 2556 contulit
1244 2499 1340 2573 atque
1364 2493 1394 2556 in

277 2578 491 2644 Britanniam
515 2579 677 2660 profectus
707 2600 813 2643 omnes
842 2579 897 2660 qni
926 2579 964 2644 in
993 2579 1187 2645 bibliothecis
1208 2580 1279 2645 ittis
1303 2602 1394 2646 asser·

277 2675 396 2733 uantur
418 2669 496 2731 adeo
515 2668 724 2751 percucurrit,
748 2674 783 2731 nt
805 2667 841 2732 in
860 2669 975 2733 classes
988 2690 1076 2733 meas
1090 2669 1244 2733 distribui
1260 2676 1393 2751 possent.

283 2757 344 2838 Qui
360 2763 529 2839 praeterea
552 2759 589 2820 de
606 2756 667 2821 hac
689 2756 825 2821 editione
848 2757 961 2838 optime
982 2757 1088 2821 meriti
1110 2765 1193 2839 sunt,
1218 2760 1258 2822 de
1281 2766 1395 2823 natura
1409 2777 1428 2816 1⁵

278 2846 418 2911 codicum
440 2845 554 2910 litteris
576 2845 662 2910 datis
685 2845 845 2910 certiorem
874 2867 922 2910 me
951 2845 1114 2926 facientes,
1144 2867 1196 2911 eos
1226 2847 1297 2911 suis
1327 2847 1395 2912 locis

278 2956 377 3015 supra
411 2934 512 2999 attuli·
537 2955 635 3015 neque
672 2934 871 3016 sinqulorum
905 2935 1015 2998 laudes
1052 2941 1189 3015 repetere
1224 2936 1300 3000 libet
1337 2935 1395 3001 nisi

278 3023 417 3088 Henrici
447 3024 590 3104 Lebbpue
623 3045 651 3086 u.
676 3045 711 3103 c.,
747 3022 803 3103 qni
836 3024 946 3087 motem
980 3023 1120 3088 codicum
1154 3024 1395 3090 Parisiacorum

277 3111 414 3192 feliciter
435 3111 604 3193 superauit.

385 3200 487 3264 Ionae
510 3221 586 3281 opus
608 3221 705 3281 usque
728 3201 833 3264 adbuc
856 3200 895 3263 ab
914 3199 1085 3265 editoribus
1102 3200 1139 3264 in
1155 3200 1239 3265 uitas
1254 3201 1396 3283 sinqulos
1411 3223 1433 3260 n

278 3289 462 3354 dissolutum
485 3309 591 3369 neque,
616 3288 697 3352 sicut
714 3295 824 3354 auctor
838 3289 906 3370 ipse
920 3289 1003 3354 illud
1017 3289 1225 3372 disposuerat,
1250 3291 1288 3355 in
1304 3292 1397 3356 libros

278 3379 356 3442 duos
379 3377 569 3458 distinctum,
594 3383 694 3442 tectus
716 3383 820 3442 autem
843 3379 887 3442 ad
909 3378 993 3443 hunc
1010 3377 1136 3444 illumve
1152 3379 1289 3445 codicem
1304 3380 1396 3445 inter-

271 3467 416 3549 polatum
443 3466 540 3530 obiter
561 3467 734 3532 recensitus
763 3473 819 3532 aut
849 3488 888 3530 eu
917 3466 1107 3531 editionibus
1134 3470 1397 3548 praecedentibus

278 3555 425 3636 repetitus
448 3561 525 3635 erat,
542 3561 715 3639 partesque
738 3556 815 3619 libri
837 3555 968 3620 secundi
992 3553 1032 3632 (c.
1051 3563 1092 3619 22
1109 3577 1157 3620 eu.
1174 3562 1204 3620 et
1219 3557 1279 3639 25)
1304 3559 1397 3623 etiam

278 3666 364 3708 nunc
385 3647 432 3707 ita
455 3642 608 3724 iacebant,
632 3645 712 3709 sicut
734 3645 857 3708 saeculo
878 3645 979 3709 XVI.
1004 3664 1091 3709 more
1114 3646 1259 3710 Suriano
1283 3654 1436 3712 retracti

278 3739 362 3797 tatae
385 3738 486 3797 erant.
533 3733 746 3797 Mobillonius
769 3732 835 3815 ipse
857 3733 924 3797 iam
948 3754 1040 3814 aeqre
1063 3733 1186 3814 tulerat,
1218 3738 1305 3815 quod
1327 3735 1397 3800 ‘isto

279 3822 380 3886 Ionae
403 3822 554 3905 opuscula
576 3822 720 3886 exhibere
744 3821 895 3886 continua
917 3822 998 3886 serie
1021 3821 1082 3885 sibi
1105 3822 1194 3886 haud
1215 3823 1316 3905 licuit,
1345 3823 1398 3905 qui

277 3918 458 3975 sanctornm
481 3917 554 3975 acta
576 3932 636 3992 quo
655 3911 784 3991 quisque
801 3910 943 3975 discessit
958 3931 1044 3974 anno
1058 3910 1181 3989 referre
1199 3913 1406 3992 propositum-

277 4000 429 4064 habebai'.
477 4000 574 4065 Nunc
603 4001 726 4063 demum
756 4000 853 4064 libros
881 3999 954 4063 illos
984 3999 1020 4063 in
1045 3999 1224 4080 pristinum
1255 4001 1398 4066 ordinem

271 4089 399 4170 primus
420 4088 527 4170 redeqi
550 4095 642 4170 atque
664 4088 823 4152 codicibus
845 4094 990 4169 quotquot
1011 4087 1156 4152 nancisci
1179 4095 1329 4169 poteram
1352 4111 1399 4155 en·
1415 4114 1439 4152 so

277 4177 431 4242 ominatis
454 4177 621 4259 diliqenter
642 4177 795 4241 recensui.
842 4176 892 4239 Hi
922 4182 1025 4240 autem
1055 4182 1137 4257 sunt,
1168 4177 1223 4258 qui
1254 4185 1330 4243 ante
1351 4200 1399 4243 me

277 4266 407 4331 edendis
429 4266 503 4330 uitis
525 4265 662 4347 sinqnlis
685 4286 811 4345 operam
835 4268 1004 4329 dederunt:

383 4354 534 4418 Boninus
550 4354 824 4433 Mombritius,
843 4354 1080 4435 Sanctuarium,
1097 4352 1284 4418 Mediolani
1303 4362 1398 4436 1475,

278 4450 347 4507 tom.
373 4444 403 4524 Ι,
434 4443 490 4522 fol.
508 4449 699 4524 207—209,
731 4442 837 4508 Vitam
865 4442 1051 4507 Columbani
1074 4448 1252 4523 eueerptam
1282 4442 1399 4526 (incip.

277 4532 510 4613 Rutilanbem)
527 4554 542 4596 e
561 4532 664 4597 codice
682 4532 874 4596 recensionis
889 4531 922 4594 B
940 4531 1040 4595 edidit
1059 4526 1115 4609 (cf.
1133 4532 1163 4611 I,
1184 4537 1213 4593 1.
1230 4530 1398 4617 plerique}
1419 4555 1439 4594 sc

278 4622 366 4703 rell.;
396 4622 602 4706 plurimique
626 4621 766 4685 Mombr.
790 4643 860 4685 cum
881 4620 916 4683 B
932 4628 980 4682 la.
1005 4619 1053 4700 2).

253 4764 258 4775 .
385 4710 514 4774 *Noua
537 4711 708 4792 leqeuda
726 4709 893 4791 Anqlie,
918 4729 1005 4773 anno
1024 4714 1118 4771 1516.
1136 4707 1303 4788 ‘impressa
1316 4711 1401 4775 Lon·

277 4799 393 4864 donias
415 4798 452 4863 in
471 4801 559 4863 domo
582 4798 742 4863 Winandi
765 4801 803 4862 de
825 4797 960 4873 Worde',
984 4797 1068 4861 uitas
1085 4803 1268 4861 sanatorum
1287 4800 1402 4864 ordine

277 4887 455 4952 litterarum
471 4888 608 4969 diqestas
624 4886 789 4968 continet&
814 4888 888 4950 dorm
910 4887 994 4949 uude
1009 4885 1081 4966 ipsa
1098 4887 1215 4966 pendet
1234 4884 1402 4952 ‘Sanctilo

274 4977 364 5058 pium
387 4975 536 5058 Auqliae'
560 4999 581 5041 a
605 4977 751 5039 Iohanne
774 4975 895 5041 uicaria
919 4976 956 5038 de
976 4974 1166 5056 anemuthc
1190 4995 1272 5039 saec.
1296 4976 1401 5041 XIV.
1419 4999 1439 5037 u

278 5066 478 5146 compositum
494 5064 617 5129 dierum
632 5065 790 5128 natalium
807 5064 949 5128 ordinem
965 5063 1115 5144 sequitur,
1133 5070 1226 5143 atque
1239 5064 1297 5145 qui
1308 5066 1403 5130 illam

276 5154 446 5219 nouissime
469 5154 567 5218 edidit
587 5154 720 5219 Carolus
739 5154 780 5217 H
783 5160 971 5232 orstman,
1001 5152 1118 5216 Ouanii
1144 5157 1238 5232 1901,
1265 5154 1403 5220 codicem

277 5264 396 5324 quoque
412 5243 542 5308 contulit
557 5243 613 5324 qui
627 5243 683 5307 hoc
698 5242 844 5323 seruauit,
866 5240 1089 5307 Cottonianum
1104 5240 1230 5322 scilicet,
1252 5243 1403 5309 Tiberius

278 5416 305 5480 lb
324 5417 384 5469 Eas
401 5418 564 5470 enumerarit
582 5417 691 5483 Hardq,
710 5416 884 5482 ‘Desunptioc
902 5414 1055 5481 cautoque
1067 5415 1091 5481 I,
1110 5417 1136 5481 2,
1151 5432 1181 5483 p.
1195 5418 1247 5471 736
1258 5434 1298 5485 sq.
