3184 6800
395 1308 520 1378 IONAS,
533 1307 654 1365 VITAE
673 1307 903 1364 OOLUMBANI
920 1307 1030 1363 LIBRI
1047 1307 1088 1366 IL
1268 1314 1302 1367 15

178 1491 360 1557 cedentibus
392 1513 431 1557 ac
464 1491 718 1573 subsequentibus
752 1489 964 1557 Oolumbonus
998 1493 1044 1556 ad
1072 1491 1302 1558 Nioernensem

178 1583 291 1646 urbem
324 1583 504 1663 aduenerat,
539 1581 688 1662 iussuque
721 1580 808 1663 repis
837 1580 929 1645 aditu
957 1601 1077 1662 quoque
1099 1581 1302 1647 eeclesiarum

176 1669 415 1754 prohibebatur,
446 1691 486 1735 ne
509 1669 718 1751 tranquillum
742 1671 892 1735 turbaret.
940 1668 1048 1734 Victus
1070 1668 1302 1735 cotidianusei

172 1757 305 1843 publice
326 1779 392 1823 nou
407 1760 629 1841 praebebatur,
653 1758 709 1822 sed
729 1757 799 1842 ipse
817 1779 888 1822 eum
905 1778 966 1840 quo
983 1764 1111 1841 poterat
1127 1759 1217 1822 modo
1239 1758 1302 1824 sibi

147 1873 161 1913 s
179 1867 368 1928 comparare
391 1853 514 1913 coactus
536 1853 615 1912 erat.
659 1846 816 1931 Episcopi
838 1845 958 1927 aliique
979 1846 1202 1912 misericordia
1224 1869 1302 1913 com·

178 1935 257 2000 moti
289 1957 342 2000 res
375 1935 488 2017 quibus
520 1934 684 2018 indiqebat
713 1935 744 2000 ei
773 1935 921 2000 *libenter
954 1935 1135 2016 offerebant,
1174 1957 1303 2018 cumque
1320 1960 1355 2003 ·.
1389 1993 1396 2004 .

180 2023 354 2089 Namnetis
389 2024 515 2108 positus
544 2023 722 2108 penuriam
755 2030 938 2108 pateretur,
977 2024 1117 2089 Procula
1154 2031 1303 2090 matrona

179 2113 344 2194 alteroque
365 2113 463 2178 Doda
485 2112 612 2178 nomine
635 2113 665 2177 ei
691 2114 864 2197 permultos
885 2112 1006 2176 modios
1027 2112 1107 2194 uini,
1136 2113 1301 2194 frumenti,

180 2203 292 2267 braces
312 2201 479 2266 miseruut.
518 2201 719 2286 Sophronias
741 2208 846 2266 autem
869 2201 929 2267 loci
951 2201 1116 2285 episcopus
1138 2223 1171 2267 se
1194 2226 1215 2267 a
1237 2225 1301 2267 mu-

135 2318 162 2357 1o
179 2290 312 2355 neribus
345 2289 465 2355 dandis
497 2290 653 2356 abstinuit
684 2311 783 2372 neque
820 2291 1039 2355 commutando
1072 2290 1102 2355 ei
1135 2291 1303 2372 quicquam

180 2378 337 2460 tradidit,·
359 2379 493 2444 babebat
514 2379 599 2444 enim
622 2379 922 2444 cumeeudoaldo
945 2379 1054 2444 comite
1076 2401 1098 2443 a
1119 2401 1192 2462 repe
1213 2403 1302 2446 man·

180 2470 300 2548 dotum,
338 2473 374 2532 ut
407 2467 592 2533 adveniente
624 2467 703 2533 noui
735 2467 917 2533 Hibernica
950 2467 1098 2533 traiectui
1131 2469 1199 2533 eins
1233 2491 1302 2534 con·

179 2557 350 2621 sulerentl.

294 2662 487 2728 Columbauo
509 2663 649 2744 obducto,
673 2662 793 2742 fratres
808 2662 949 2727 Luaooii
967 2662 1070 2727 relicti
1090 2666 1302 2745 pubernaculo

133 2779 161 2818 ιε
180 2751 311 2817 omnim
341 2753 499 2830 carebant,
530 2773 600 2816 cum
629 2773 669 2816 ne
699 2751 793 2816 alteri
822 2751 948 2833 quidem
975 2772 1085 2816 curam
1114 2753 1302 2817 monasterii

180 2839 395 2906 committendi
412 2839 564 2921 maqistro
582 2841 704 2906 occasio
722 2842 800 2906 dota
819 2846 905 2922 esset,
929 2845 1099 2921 autequam
1114 2842 1300 2906 abscederet.

188 2931 365 2995 Verebatur
387 2935 500 3011 autem,
523 2950 563 2993 ne
586 2950 619 2993 se
640 2931 766 2994 absente
788 2928 937 2994 monacbi
960 2951 981 2993 o
1000 2928 1109 3012 prisco
1126 2930 1301 2994 Scottorum

179 3018 249 3082 ritu
271 3017 501 3083 alienarentur.
549 3017 719 3083 Namnetis
741 3020 865 3082 demum
888 3017 1081 3098 constitutus,
1110 3020 1185 3082 dum
1207 3018 1302 3084 nauis

180 3112 372 3190 expectatur,
403 3105 500 3170 otium
523 3106 644 3171 litteras
667 3109 712 3171 od
735 3107 857 3185 fratres
879 3106 981 3171 dandi
1003 3112 1116 3172 noctus
1138 3114 1191 3188 est,
1220 3129 1302 3189 quae

130 3222 161 3262 so
180 3195 287 3260 adbuc
323 3197 514 3278 supersunt²
554 3195 765 3277 historiaeque
808 3194 996 3260 Cotrcmbani
1036 3196 1140 3260 lumen
1180 3196 1301 3262 elarius

180 3283 332 3362 afferunt.
379 3283 631 3349 Persecutionem
653 3305 748 3366 quam
772 3284 960 3367 potiebatur
980 3284 1050 3368 ipse
1073 3285 1234 3364 coufessus
1257 3292 1303 3350 est

182 3372 319 3456 ‘propter
340 3372 477 3438 oerbum'
501 3379 642 3438 euortom
664 3393 729 3438 esse
745 3372 953 3455 periculaque
967 3373 1064 3439 etiam
1080 3373 1164 3439 domi
1182 3374 1301 3440 relictis

179 3462 348 3526 imminere
363 3460 525 3527 discordia
536 3461 688 3545 pascbali
702 3469 787 3527 mota
794 3491 805 3542 ;
820 3484 895 3547 poa
912 3462 997 3528 enim
1015 3484 1085 3528 cum
1103 3464 1301 3529 adversariis

179 3553 323 3616 nondum
351 3551 441 3630 facta
469 3557 539 3616 erat
571 3550 772 3633 insidiasque
806 3553 846 3615 ab
880 3551 926 3615 eis
953 3558 1105 3633 perpetuo
1137 3555 1299 3634 metuebat,

131 3665 160 3705 ss
180 3639 250 3704 suis
271 3639 339 3705 iam
357 3639 593 3718 infirmioribus
614 3639 721 3720 factis.
759 3639 875 3720 Itaque
892 3640 948 3703 oia
962 3640 1091 3705 dubium
1106 3662 1171 3705 esse
1188 3647 1299 3725 potest,

181 3728 260 3811 quin
288 3727 500 3793 Columbouus
520 3734 658 3813 propter
680 3728 839 3794 dioersom
859 3729 1029 3811 poscbotis
1050 3731 1301 3811 supputationem

180 3817 339 3901 episcopis
358 3816 539 3882 Gallicanis
553 3816 785 3882 insidiantibus
803 3839 819 3882 e
838 3818 1026 3883 Tbeuderici
1041 3840 1138 3901 reqno
1154 3820 1301 3900 expulsus

182 3907 235 3971 sit.
272 3907 328 3969 Eu
345 3908 453 3970 eodem
476 3906 613 3989 epistula
632 3905 736 3988 colliqi
754 3905 834 3988 licet,
858 3906 946 3990 ipsos
964 3908 1133 3973 monacbos
1151 3907 1188 3971 in
1207 3907 1301 3972 binas

174 4000 291 4080 partes
305 3994 424 4058 diuisos
438 4014 503 4059 esse
517 4015 676 4076 unamque
686 3996 828 4060 rebellem
840 3998 886 4060 ad
899 3995 1102 4060 adversarios
1116 3996 1300 4076 declinasse,

133 4108 163 4150 so
181 4084 266 4149 unde
282 4084 370 4169 pluS,
391 4082 504 4165 inquit,
521 4085 620 4148 nobis
636 4088 839 4163 nocuerunt,
859 4085 918 4167 qui
934 4087 1027 4167 apud
1042 4105 1105 4148 nos
1121 4087 1301 4149 unanimes

181 4194 253 4237 non
275 4173 428 4237 fuerunt.
467 4172 609 4236 Rebelles
631 4172 722 4251 foras
741 4172 828 4237 coire
846 4172 941 4236 iussit
956 4173 1095 4253 solosque
1110 4172 1302 4237 oboedientes

181 4262 311 4325 beredes
343 4259 442 4325 coluit
474 4282 548 4325 esse.
599 4261 777 4345 Imperium
806 4260 946 4326 Albulae
978 4281 1051 4325 oero
1085 4260 1211 4342 sequaci
1245 4282 1301 4325 suo

182 4348 327 4431 tradidit,
352 4348 404 4414 cui
425 4349 562 4430 reliquos
578 4349 720 4415 oboedire
735 4350 848 4431 iussit,¹
871 4351 954 4432 quod
975 4349 1005 4414 si
1026 4348 1133 4433 ipsum
1155 4350 1302 4431 subsequi

181 4438 237 4503 ille
258 4438 373 4518 mallet,
397 4438 617 4503 Woldeleuum
639 4438 818 4520 desipnaoit
832 4439 1062 4522 praepositum.
1106 4439 1169 4504 Sin
1191 4462 1212 4504 o
1228 4462 1301 4521 per·

134 4554 162 4594 ss
182 4526 332 4607 fectionis
353 4546 468 4591 norma
490 4548 523 4591 se
540 4526 644 4610 maqis
658 4533 852 4592 removerent
866 4548 962 4609 quom
977 4534 1051 4592 ante
1066 4549 1164 4610 neque
1179 4529 1302 4594 Albula

183 4614 423 4698 conpreqotioni
442 4617 670 4697 qubernandae
692 4616 863 4697 sufficeret,
887 4616 1008 4695 fratres
1037 4638 1152 4697 omues,
1181 4618 1229 4681 oet
1251 4640 1302 4683 eos

182 4703 240 4787 qui
273 4703 377 4785 ipsum
411 4702 448 4767 in
477 4704 631 4769 uiciniam
653 4704 838 4769 Brittonum
872 4705 969 4770 secuti
1002 4712 1111 4785 essent,
1147 4705 1212 4770 loeo
1245 4706 1302 4771 illo

182 4792 301 4874 relicto,
324 4791 359 4856 in
383 4792 635 4873 opportuniorem
658 4792 825 4858 oonoem‘re
840 4793 990 4876 permisit
1006 4792 1161 4873 simulque
1178 4793 1233 4875 qni
1256 4794 1302 4859 eis

175 4887 340 4964 praeesset
362 4902 432 4945 eum
453 4881 584 4946 interim
607 4883 732 4964 clepere,
756 4902 912 4947 summam
934 4881 997 4946 sibi
1027 4902 1193 4946 reservans
1216 4890 1301 4963 pote·

131 4998 161 5039 co
179 4976 305 5049 statem,
344 4969 373 5034 si
410 4990 470 5035 sua
508 4967 622 5035 iterum
659 4992 777 5035 usurus
814 4978 893 5035 esset
925 4972 1092 5035 voluntate.
1139 4970 1302 5054 Inprimis

179 5058 302 5125 unitati
335 5059 522 5123 studendum
556 5065 626 5124 erat
657 5060 844 5141 reputaeque
877 5059 1017 5140 firmitas
1050 5057 1227 5140 retinendo,
1262 5082 1303 5126 ne

178 5289 208 5356 1)
224 5287 255 5341 r.
277 5286 393 5342 urum.
409 5287 489 5353 uos.
561 5285 589 5356 2)
609 5286 673 5341 me.
692 5288 744 5354 ap.
763 5285 820 5352 111,
834 5287 894 5341 los.
