3184 6800
250 1308 286 1362 98
463 1302 588 1370 IONAS,
601 1302 722 1357 VITAE
740 1301 969 1356 COLUMBANI
987 1301 1098 1357 LIBRI
1114 1302 1156 1360 Π.

251 1489 353 1572 primi
394 1488 612 1551 Trevirorum
658 1486 907 1570 archiepiscopi
955 1480 1121 1567 (superscr.
1164 1487 1379 1551 Ludowicus

252 1578 367 1652 abbas,
401 1574 520 1639 scilicet
550 1575 583 1639 S.
608 1573 758 1637 Mathiae
788 1595 814 1638 c.
845 1595 875 1636 a.
903 1574 1172 1656 1169—11821).
1229 1576 1269 1640 Si
1300 1578 1379 1659 quis

252 1687 330 1730 eum
354 1665 547 1739 abstulerit,
572 1665 757 1727 anathema
781 1664 836 1736 sit,
862 1662 947 1726 inter
969 1662 1053 1727 uitas
1075 1670 1271 1745 sanctoruni,
1296 1686 1380 1745 quae

251 1755 306 1834 fol.
333 1759 405 1817 109.
436 1774 477 1815 ni.
502 1773 526 1815 s.
554 1751 643 1815 XII.
674 1751 722 1815 ita
751 1757 953 1816 enumeratae
986 1758 1080 1816 sunt:
1110 1753 1154 1816 In
1184 1754 1255 1818 isto
1287 1754 1378 1818 libro

253 1844 476 1907 continentur
491 1842 582 1905 vitae
600 1844 796 1905 sanctorum
815 1839 1022 1905 Columbani
1037 1841 1184 1918 abbatie,
1203 1842 1378 1906 Iohannis
1395 1867 1408 1905 s

251 1930 479 1995 Alexandrini
506 1930 764 2013 archiepiscopi,
788 1930 944 1993 Remacli
968 1930 1129 2014 episcopi,
1154 1931 1377 1996 Adalheidae

253 2023 430 2103 augustae,
456 2041 534 2102 pars
558 2020 726 2101 quaedam
752 2020 794 2082 de
809 2020 882 2081 vita
897 2020 1010 2082 sancti
1026 2019 1146 2103 Magni
1162 2019 1377 2104 Campaniae

252 2109 347 2172 urbis
372 2109 531 2183 doctoris,
562 2109 635 2170 vita
658 2107 824 2182 Helenae,
857 2107 898 2171 de
929 2108 1082 2172 adventu
1105 2109 1217 2174 saneti
1242 2110 1378 2192 Agricii

253 2198 469 2282 patriarchae
480 2198 501 2273 2,
520 2195 662 2276 primurn
685 2195 808 2260 exhibet
832 2195 1028 2276 Columbani,
1052 2196 1108 2275 fol.
1126 2202 1247 2277 3-21,
1272 2199 1377 2262 eodem

252 2287 343 2349 inodo
365 2284 552 2364 inscriptam
571 2283 833 2365 incipientesque
851 2290 944 2364 (itque
961 2285 994 2347 A
1007 2283 1061 2365 3⁰,
1085 2287 1142 2350 sed
1162 2306 1245 2367 quae
1269 2287 1378 2350 deerat
1394 2311 1422 2348 r:

254 2375 355 2438 Ionae
385 2373 518 2454 epistula
547 2395 588 2436 nn.
612 2394 636 2436 s.
664 2372 743 2437 XV.
767 2372 825 2451 fol.
848 2371 878 2434 2.
904 2372 944 2436 2¹.
967 2372 1081 2438 iterna
1104 2374 1208 2439 codiee
1238 2377 1377 2456 quodam

253 2463 318 2525 A3
343 2462 486 2545 suppleta
509 2467 562 2541 est,
595 2460 646 2526 cui
675 2462 771 2525 rerba
795 2483 873 2526 cum
896 2463 993 2526 facta
1015 2498 1058 2506 -
1082 2483 1164 2546 ergo
1187 2469 1304 2529 vestro
1329 2465 1375 2527 de-

254 2556 364 2616 essent.
403 2549 678 2631 Praescreptiones
697 2549 838 2633 capitum
856 2551 1089 2615 desiderantur.
1129 2551 1263 2616 Ennius
1285 2551 1375 2631 foliis

254 2646 401 2721 quattuor
417 2645 491 2719 post
511 2639 568 2718 fal.
586 2645 638 2702 20.
663 2645 764 2702 tentus
781 2638 860 2719 hiat,
884 2639 1050 2704 desinens:
1072 2662 1176 2725 super
1194 2642 1374 2706 fluviolum

253 2731 441 2794 Resbacem
456 2751 496 2794 ex
509 2727 572 2812 sup
583 2722 586 2811 )
597 2723 632 2810 (c.
648 2726 711 2808 26),
727 2727 914 2809 rediensque
925 2723 1069 2812 istitutis
1081 2730 1248 2794 educaret
1260 2727 1296 2812 (c.
1311 2729 1374 2810 30).
1393 2755 1412 2792 r.

362 2818 393 2880 A
407 2814 494 2899 3****)
520 2816 623 2881 Codes
645 2815 892 2880 Treuericus
915 2816 1115 2882 bibliothecae
1138 2819 1286 2883 urbanae
1306 2817 1374 2883 Cat.

254 2927 327 2969 nnss.
348 2912 440 2986 1349,
468 2906 565 2969 Nnrn.
584 2905 639 2969 loc.
658 2911 697 2967 91
719 2903 831 2984 (antea
849 2926 881 2969 n.
901 2906 1083 2987 XXXII),
1101 2928 1182 2972 saec.
1202 2907 1306 2971 XVI.
1319 2906 1374 2987 in,

255 2994 330 3058 alirn
352 2994 537 3058 noiiasterii
561 2994 594 3058 S.
619 2993 777 3059 Mauritii
804 2994 1028 3076 lhoiepiensis,
1053 2995 1166 3060 deinde
1194 2995 1230 3060 0.
1256 2997 1295 3060 de
1323 2995 1375 3060 Co-

255 3085 376 3147 hausen
405 3082 633 3162 Consiueritini,
661 3082 717 3162 qui
740 3104 809 3146 euin
832 3104 862 3145 a.
883 3089 977 3146 1819.
1002 3083 1204 3150 bibliothecae
1229 3084 1376 3166 publicae

255 3192 351 3253 quani
370 3170 440 3235 dini
459 3173 539 3234 dono
555 3171 648 3251 dedit,
668 3171 726 3250 fol.
744 3170 931 3235 sir—110¹.
956 3172 992 3236 V.
1010 3172 1198 3238 Columbani
1215 3173 1333 3238 librum
1345 3173 1375 3235 I.
1393 3200 1421 3236 ea

256 3262 371 3340 absque
399 3258 533 3339 epistula
564 3260 707 3339 continet,
739 3259 895 3342 capitibus
925 3282 990 3324 non
1018 3260 1178 3326 distinctis
1202 3258 1358 3345 (praescr.
1367 3284 1377 3324 .·

255 3350 386 3433 Incipit
419 3349 581 3433 prologus
617 3351 654 3430 in
690 3350 797 3414 vitam
833 3351 945 3415 sancti
975 3351 1183 3415 Columbani
1217 3349 1376 3433 abbatis).

256 3438 370 3502 Altera
394 3459 418 3501 c.
444 3444 472 3501 2.
500 3458 583 3520 pars
613 3438 689 3502 inde
718 3461 739 3502 a
768 3439 872 3503 uerbis
902 3444 942 3503 ut
972 3442 1057 3505 fides
1087 3462 1190 3524 quam
1213 3461 1313 3522 usque
1336 3442 1379 3504 ad

257 3550 301 3590 m.
326 3528 542 3590 sacerdotum
567 3528 709 3592 ecclesie
739 3527 787 3591 bis
816 3527 938 3611 scripta
967 3535 1020 3610 est,
1051 3530 1107 3593 sed
1128 3528 1248 3611 prirna
1278 3530 1378 3594 deleta

257 3621 340 3679 sunt.
385 3614 462 3679 Oeen
486 3615 565 3678 libro
583 3618 789 3696 praecedente
812 3622 841 3680 et
860 3617 949 3681 lectio
972 3639 997 3682 c.
1017 3625 1045 3681 1.
1070 3622 1193 3683 tuante
1210 3639 1276 3699 pro
1299 3620 1378 3683 fluc·
1395 3643 1422 3683 sa

256 3708 379 3769 tuante
403 3704 546 3768 conuenit
567 3711 597 3767 et
617 3706 697 3783 liuns
719 3725 743 3769 c.
765 3712 815 3769 17.
840 3726 896 3769 suo
918 3706 983 3770 ioco
1005 3707 1180 3789 collocatus,
1204 3706 1261 3771 ubi
1284 3708 1378 3792 spiri·

258 3794 351 3857 olum
374 3813 471 3875 super
493 3794 658 3876 squirium
682 3793 928 3875 superscriptum
951 3802 997 3859 est
1023 3795 1061 3859 in
1083 3795 1194 3876 A3**‘,
1225 3794 1265 3860 in
1295 3802 1379 3860 tenta

257 3903 329 3945 aero
352 3882 467 3963 lepitur
490 3881 566 3945 libr-i
589 3883 622 3945 A
635 3881 714 3944 3****.

364 3989 424 4051 Aa
428 3983 487 4006 *****
484 3990 504 4071 )
524 3986 627 4052 Ooden
638 3988 871 4053 Montensis
887 3989 1087 4056 bibliothecae
1101 3990 1246 4056 urbanae
1258 4012 1311 4055 nr.
1325 3998 1377 4055 26.

259 4082 333 4141 210.
359 4083 454 4156 8402,
486 4082 557 4140 torn.
582 4078 635 4157 ΙΙ,
666 4098 746 4141 saec.
773 4077 884 4160 XIII,
921 4079 996 4143 itern
1023 4079 1200 4144 Treuerieis
1229 4081 1379 4145 adnume-
1397 4106 1420 4144 u

257 4168 390 4246 raudus,
415 4164 528 4247 quippe
551 4165 605 4245 qni
629 4187 667 4229 en
688 4168 880 4231 monasterio
903 4167 1066 4250 eirpinurn
1088 4167 1134 4232 ‘in
1150 4168 1261 4246 Etnta
1279 4190 1380 4251 prope

258 4255 411 4336 Kilbnrp'
442 4254 501 4318 sita
532 4251 641 4334 (hodie
670 4255 922 4337 IlIi'tnstereifel),
954 4256 1125 4321 dioeceseas
1154 4256 1274 4321 scilicet
1306 4259 1379 4323 Tre-

256 4343 388 4423 sericae,
420 4342 457 4406 in
486 4349 669 4407 conuentum
698 4344 900 4409 Montensern
934 4345 1179 4410 Carmelitarurn
1210 4345 1379 4412 discalcea-

257 4437 360 4495 torun
390 4430 565 4512 transierit,
595 4432 651 4511 fai.
671 4433 880 4514 190—205‘,
911 4434 948 4498 V.
978 4434 1165 4499 Collinabani
1192 4432 1273 4515 (inc.
1299 4437 1329 4517 I,
1351 4443 1377 4499 l.

257 4521 473 4584 Rutilantem
504 4525 608 4603 atquc
633 4520 791 4604 eximio³)
823 4522 953 4604 enhibet,
985 4523 1037 4588 cui
1066 4545 1090 4588 c.
1116 4530 1168 4587 23.
1192 4529 1222 4587 et
1245 4530 1299 4587 26.
1325 4530 1378 4589 27.
1397 4551 1420 4590 ss

258 4610 303 4673 ad
330 4610 444 4673 uerba:
474 4611 637 4674 ecelesiae
668 4611 799 4675 sinibus
829 4612 1018 4676 reducebat
1043 4614 1163 4693 deenen,
1187 4634 1319 4694 6666666
1342 4615 1379 4678 de

224 4733 235 4747 ·
257 4697 329 4781 ipso
344 4698 448 4762 relata
463 4697 529 4761 sint
536 4699 557 4778 4,
571 4698 711 4780 prolopo,
729 4699 848 4764 scilieet
862 4699 960 4781 cupiti
978 4708 1005 4781 1,
1024 4700 1147 4766 inserta
1162 4722 1227 4765 esse
1242 4723 1282 4765 ea
1299 4724 1379 4783 quae

258 4786 407 4869 epistulae
430 4785 583 4851 ineditis
606 4787 759 4852 attributa
782 4794 863 4869 sunt,
894 4810 967 4853 non
989 4788 1167 4871 suspicatus
1189 4811 1259 4853 sum
1283 4792 1379 4855 uerba

258 4877 366 4940 eaden
400 4874 595 4955 transposita
629 4896 694 4940 esse
728 4898 808 4957 qnae
844 4877 882 4941 in
912 4878 1181 4958 praecedentibus.
1240 4879 1379 4944 Interim

258 4966 435 5029 Eduardus
451 4964 596 5028 Poncelet
611 4964 814 5029 urchiaarius
828 4967 1019 5049 Montensis,
1037 4968 1153 5049 collepa
1168 4968 1378 5049 doctissimus,
1395 4996 1421 5033 n

260 5140 286 5204 1)
309 5138 351 5201 Of.
371 5138 418 5192 SS.
436 5139 515 5203 VIII,
536 5140 596 5192 226,
661 5140 688 5204 2)
712 5139 828 5192 Codicum
845 5142 983 5207 descripsit
1001 5142 1163 5211 Saunium,
1185 5142 1310 5195 ‘Trierer
1328 5143 1378 5195 Ge-

258 5209 472 5275 sehtehtsqnetten
484 5211 529 5261 des
542 5213 583 5266 11.
597 5208 718 5274 Jahrb),
742 5210 863 5263 Treueris
877 5215 954 5277 1889,
963 5229 992 5279 p.
1006 5215 1056 5267 58:
1069 5213 1152 5265 ‘Uber
1163 5214 1206 5266 die
1218 5215 1379 5281 Doppelaita

258 5279 540 5417 {agellepgepupgtff
557 5281 683 5346 Apricii’.
750 5284 777 5349 3)
795 5283 838 5347 Cf.
858 5284 960 5337 ‘Archl
973 5284 1054 5351 VIII,
1072 5300 1100 5351 p.
1113 5286 1176 5340 473.
1248 5288 1277 5352 4)
1297 5287 1378 5339 Anat.
