<?xml version="1.0" encoding="UTF-8"?>
<!DOCTYPE html PUBLIC "-//W3C//DTD XHTML 1.0 Transitional//EN"
    "http://www.w3.org/TR/xhtml1/DTD/xhtml1-transitional.dtd">
<html xmlns="http://www.w3.org/1999/xhtml" xml:lang="en" lang="en">
 <head>
  <title>
</title>
<meta http-equiv="Content-Type" content="text/html;charset=utf-8" />
  <meta name='ocr-system' content='tesseract 3.04.00' />
  <meta name='ocr-capabilities' content='ocr_page ocr_carea ocr_par ocr_line ocrx_word'/>
</head>
<body>
  <div class='ocr_page' id='page_1' title='image "./ionaevitaesanct00jonagoog_0047.png"; bbox 0 0 3184 6800; ppageno 0'>
   <div class='ocr_carea' id='block_1_1' title="bbox 450 1327 1356 1399">
    <p class='ocr_par' dir='ltr' id='par_1_1' title="bbox 450 1327 1356 1399">
     <span class='ocr_line' id='line_1_1' title="bbox 450 1327 1356 1399; baseline 0.003 -15"><span class='ocrx_word' id='word_1_1' title='bbox 450 1327 576 1399; x_wconf 75' lang='lat' dir='ltr'>10NAS,</span> <span class='ocrx_word' id='word_1_2' title='bbox 589 1327 712 1385; x_wconf 77' lang='lat' dir='ltr'>VITAE</span> <span class='ocrx_word' id='word_1_3' title='bbox 730 1327 960 1384; x_wconf 78' lang='lat' dir='ltr'><strong>OOLUMBANI</strong></span> <span class='ocrx_word' id='word_1_4' title='bbox 977 1327 1086 1383; x_wconf 84' lang='lat' dir='ltr'><strong>LIBRI</strong></span> <span class='ocrx_word' id='word_1_5' title='bbox 1101 1327 1142 1386; x_wconf 90' lang='lat'><em>11.</em></span> <span class='ocrx_word' id='word_1_6' title='bbox 1320 1333 1356 1387; x_wconf 81' lang='lat'><em>29</em></span> 
     </span>
    </p>
   </div>
   <div class='ocr_carea' id='block_1_2' title="bbox 189 1510 1376 4164">
    <p class='ocr_par' dir='ltr' id='par_1_2' title="bbox 189 1510 1376 4164">
     <span class='ocr_line' id='line_1_2' title="bbox 234 1510 1356 1594; baseline -0.002 -17"><span class='ocrx_word' id='word_1_7' title='bbox 234 1511 390 1577; x_wconf 86' lang='lat' dir='ltr'><em>loborans</em></span> <span class='ocrx_word' id='word_1_8' title='bbox 425 1510 616 1593; x_wconf 76' lang='lat' dir='ltr'><em>Greporium</em></span> <span class='ocrx_word' id='word_1_9' title='bbox 646 1511 715 1592; x_wconf 87' lang='lat' dir='ltr'><em>M.,</em></span> <span class='ocrx_word' id='word_1_10' title='bbox 751 1511 842 1577; x_wconf 90' lang='lat' dir='ltr'><em>cuius</em></span> <span class='ocrx_word' id='word_1_11' title='bbox 870 1510 965 1576; x_wconf 89' lang='lat' dir='ltr'><em>etiam</em></span> <span class='ocrx_word' id='word_1_12' title='bbox 994 1511 1137 1593; x_wconf 75' lang='lat' dir='ltr'><em>repulam</em></span> <span class='ocrx_word' id='word_1_13' title='bbox 1159 1512 1356 1594; x_wconf 84' lang='lat' dir='ltr'><em>pastoralem</em></span> 
     </span>
     <span class='ocr_line' id='line_1_3' title="bbox 235 1599 1357 1683; baseline -0.001 -18"><span class='ocrx_word' id='word_1_14' title='bbox 235 1622 268 1665; x_wconf 89' lang='lat' dir='ltr'><em>a.</em></span> <span class='ocrx_word' id='word_1_15' title='bbox 293 1606 369 1664; x_wconf 84' lang='lat'><strong>591.</strong></span> <span class='ocrx_word' id='word_1_16' title='bbox 397 1599 620 1681; x_wconf 85' lang='lat' dir='ltr'><em>compositaml</em></span> <span class='ocrx_word' id='word_1_17' title='bbox 643 1600 769 1683; x_wconf 77' lang='lat' dir='ltr'><em>leperat,</em></span> <span class='ocrx_word' id='word_1_18' title='bbox 801 1623 832 1664; x_wconf 89' lang='lat' dir='ltr'><em>a.</em></span> <span class='ocrx_word' id='word_1_19' title='bbox 857 1606 932 1663; x_wconf 81' lang='lat'><strong>600.</strong></span> <span class='ocrx_word' id='word_1_20' title='bbox 963 1599 1055 1678; x_wconf 89' lang='lat' dir='ltr'><em>odiit,</em></span> <span class='ocrx_word' id='word_1_21' title='bbox 1086 1605 1121 1664; x_wconf 89' lang='lat' dir='ltr'><em>nt</em></span> <span class='ocrx_word' id='word_1_22' title='bbox 1150 1606 1179 1665; x_wconf 92' lang='lat' dir='ltr'><em>et</em></span> <span class='ocrx_word' id='word_1_23' title='bbox 1207 1599 1357 1664; x_wconf 88' lang='lat' dir='ltr'><em>homilias</em></span> 
     </span>
     <span class='ocr_line' id='line_1_4' title="bbox 234 1687 1355 1770; baseline -0.002 -16"><span class='ocrx_word' id='word_1_24' title='bbox 234 1688 275 1754; x_wconf 91' lang='lat' dir='ltr'><em>in</em></span> <span class='ocrx_word' id='word_1_25' title='bbox 297 1687 517 1753; x_wconf 67' lang='lat' dir='ltr'><em>nouitatem</em></span> <span class='ocrx_word' id='word_1_26' title='bbox 538 1688 601 1753; x_wconf 86' lang='lat' dir='ltr'><em>sibi</em></span> <span class='ocrx_word' id='word_1_27' title='bbox 622 1689 765 1770; x_wconf 89' lang='lat' dir='ltr'><em>mitteret,</em></span> <span class='ocrx_word' id='word_1_28' title='bbox 789 1689 908 1754; x_wconf 80' lang='lat' dir='ltr'><em>sci-licet</em></span> <span class='ocrx_word' id='word_1_29' title='bbox 929 1694 1069 1753; x_wconf 73' lang='lat' dir='ltr'><em>extrema</em></span> <span class='ocrx_word' id='word_1_30' title='bbox 1097 1687 1175 1753; x_wconf 89' lang='lat' dir='ltr'><em>libri</em></span> <span class='ocrx_word' id='word_1_31' title='bbox 1204 1687 1355 1769; x_wconf 75' lang='lat' dir='ltr'><em>exposito,</em></span> 
     </span>
     <span class='ocr_line' id='line_1_5' title="bbox 236 1775 1357 1859; baseline -0.002 -17"><span class='ocrx_word' id='word_1_32' title='bbox 236 1783 268 1842; x_wconf 91' lang='lat' dir='ltr'><em>et</em></span> <span class='ocrx_word' id='word_1_33' title='bbox 300 1775 436 1842; x_wconf 74' lang='lat' dir='ltr'><em>Cantica</em></span> <span class='ocrx_word' id='word_1_34' title='bbox 469 1776 673 1858; x_wconf 85' lang='lat' dir='ltr'><em>canticorum,</em></span> <span class='ocrx_word' id='word_1_35' title='bbox 704 1777 868 1859; x_wconf 77' lang='lat' dir='ltr'><em>ipsumque</em></span> <span class='ocrx_word' id='word_1_36' title='bbox 896 1777 1084 1841; x_wconf 77' lang='lat' dir='ltr'><em>adhortatus</em></span> <span class='ocrx_word' id='word_1_37' title='bbox 1112 1782 1165 1857; x_wconf 84' lang='lat' dir='ltr'><em>est,</em></span> <span class='ocrx_word' id='word_1_38' title='bbox 1196 1782 1232 1841; x_wconf 94' lang='lat' dir='ltr'><em>nt</em></span> <span class='ocrx_word' id='word_1_39' title='bbox 1259 1782 1357 1840; x_wconf 90' lang='lat' dir='ltr'><em>totam</em></span> 
     </span>
     <span class='ocr_line' id='line_1_6' title="bbox 202 1864 1358 1947; baseline 0.001 -18"><span class='ocrx_word' id='word_1_40' title='bbox 202 1864 424 1931; x_wconf 86' lang='lat' dir='ltr'><em>sZaohariae</em></span> <span class='ocrx_word' id='word_1_41' title='bbox 458 1865 678 1931; x_wconf 78' lang='lat' dir='ltr'><em>obscuritatem</em></span> <span class='ocrx_word' id='word_1_42' title='bbox 716 1873 891 1946; x_wconf 79' lang='lat' dir='ltr'><em>exponeret.</em></span> <span class='ocrx_word' id='word_1_43' title='bbox 954 1865 1028 1947; x_wconf 88' lang='lat' dir='ltr'><em>Ipse</em></span> <span class='ocrx_word' id='word_1_44' title='bbox 1066 1866 1246 1930; x_wconf 87' lang='lat' dir='ltr'><em>adolescens</em></span> <span class='ocrx_word' id='word_1_45' title='bbox 1282 1865 1358 1930; x_wconf 87' lang='lat' dir='ltr'><em>hnic</em></span> 
     </span>
     <span class='ocr_line' id='line_1_7' title="bbox 236 1953 1357 2036; baseline -0.003 -16"><span class='ocrx_word' id='word_1_46' title='bbox 236 1954 417 2020; x_wconf 86' lang='lat' dir='ltr'><em>litterarmn</em></span> <span class='ocrx_word' id='word_1_47' title='bbox 449 1953 559 2036; x_wconf 76' lang='lat' dir='ltr'><em>penori</em></span> <span class='ocrx_word' id='word_1_48' title='bbox 592 1975 625 2020; x_wconf 90' lang='lat' dir='ltr'><em>se</em></span> <span class='ocrx_word' id='word_1_49' title='bbox 662 1955 808 2035; x_wconf 79' lang='lat' dir='ltr'><em>dederat,</em></span> <span class='ocrx_word' id='word_1_50' title='bbox 841 1954 1040 2036; x_wconf 89' lang='lat' dir='ltr'><em>psalmorum</em></span> <span class='ocrx_word' id='word_1_51' title='bbox 1078 1953 1193 2018; x_wconf 89' lang='lat' dir='ltr'><em>librum</em></span> <span class='ocrx_word' id='word_1_52' title='bbox 1230 1953 1357 2018; x_wconf 87' lang='lat' dir='ltr'><em>elimato</em></span> 
     </span>
     <span class='ocr_line' id='line_1_8' title="bbox 235 2041 1358 2125; baseline -0.001 -18"><span class='ocrx_word' id='word_1_53' title='bbox 235 2063 381 2108; x_wconf 82' lang='lat' dir='ltr'><em>sernrone</em></span> <span class='ocrx_word' id='word_1_54' title='bbox 417 2062 576 2124; x_wconf 74' lang='lat' dir='ltr'><em>exponens</em></span> <span class='ocrx_word' id='word_1_55' title='bbox 584 2043 605 2124; x_wconf 80' lang='lat'><em>³,</em></span> <span class='ocrx_word' id='word_1_56' title='bbox 644 2064 741 2124; x_wconf 80' lang='lat' dir='ltr'><em>eaque</em></span> <span class='ocrx_word' id='word_1_57' title='bbox 775 2042 927 2124; x_wconf 73' lang='lat' dir='ltr'><em>copositio</em></span> <span class='ocrx_word' id='word_1_58' title='bbox 964 2041 1001 2106; x_wconf 92' lang='lat' dir='ltr'><em>in</em></span> <span class='ocrx_word' id='word_1_59' title='bbox 1038 2043 1166 2108; x_wconf 84' lang='lat' dir='ltr'><em>vetustis</em></span> <span class='ocrx_word' id='word_1_60' title='bbox 1204 2042 1358 2125; x_wconf 75' lang='lat' dir='ltr'><em>catalopis</em></span> 
     </span>
     <span class='ocr_line' id='line_1_9' title="bbox 237 2130 1055 2214; baseline -0.001 -19"><span class='ocrx_word' id='word_1_61' title='bbox 237 2130 497 2196; x_wconf 79' lang='lat' dir='ltr'><em>bibliothecarum</em></span> <span class='ocrx_word' id='word_1_62' title='bbox 519 2137 550 2196; x_wconf 94' lang='lat' dir='ltr'><em>et</em></span> <span class='ocrx_word' id='word_1_63' title='bbox 572 2130 816 2213; x_wconf 73' lang='lat' dir='ltr'><em>Sanpallensis4</em></span> <span class='ocrx_word' id='word_1_64' title='bbox 839 2130 934 2212; x_wconf 89' lang='lat' dir='ltr'><em>(saec.</em></span> <span class='ocrx_word' id='word_1_65' title='bbox 960 2131 1035 2214; x_wconf 90' lang='lat' dir='ltr'><em>IX)</em></span> <span class='ocrx_word' id='word_1_66' title='bbox 1044 2151 1055 2195; x_wconf 89' lang='lat'><em>.·</em></span> 
     </span>
     <span class='ocr_line' id='line_1_10' title="bbox 285 2219 1319 2306; baseline -0.001 -22"><span class='ocrx_word' id='word_1_67' title='bbox 285 2220 463 2305; x_wconf 78' lang='lat' dir='ltr'><em>Expositio</em></span> <span class='ocrx_word' id='word_1_68' title='bbox 486 2220 519 2284; x_wconf 86' lang='lat' dir='ltr'><em>S.</em></span> <span class='ocrx_word' id='word_1_69' title='bbox 537 2219 744 2285; x_wconf 77' lang='lat' dir='ltr'><em>Columbeni</em></span> <span class='ocrx_word' id='word_1_70' title='bbox 767 2241 870 2306; x_wconf 85' lang='lat' dir='ltr'><em>super</em></span> <span class='ocrx_word' id='word_1_71' title='bbox 892 2240 1011 2285; x_wconf 85' lang='lat' dir='ltr'><em>omnes</em></span> <span class='ocrx_word' id='word_1_72' title='bbox 1034 2220 1183 2305; x_wconf 81' lang='lat' dir='ltr'><em>psalmos</em></span> <span class='ocrx_word' id='word_1_73' title='bbox 1206 2221 1273 2285; x_wconf 86' lang='lat' dir='ltr'><em>vol.</em></span> <span class='ocrx_word' id='word_1_74' title='bbox 1289 2221 1319 2297; x_wconf 85' lang='grc' dir='ltr'><em>Ι,</em></span> 
     </span>
     <span class='ocr_line' id='line_1_11' title="bbox 189 2304 700 2392; baseline 0.002 -22"><span class='ocrx_word' id='word_1_75' title='bbox 189 2332 219 2372; x_wconf 78' lang='grc' dir='ltr'><em>ιο</em></span> <span class='ocrx_word' id='word_1_76' title='bbox 237 2315 270 2374; x_wconf 93' lang='lat' dir='ltr'><em>et</em></span> <span class='ocrx_word' id='word_1_77' title='bbox 289 2307 483 2373; x_wconf 81' lang='lat' dir='ltr'><em>Bobiensis⁶</em></span> <span class='ocrx_word' id='word_1_78' title='bbox 507 2304 603 2386; x_wconf 87' lang='lat' dir='ltr'><em>(saec.</em></span> <span class='ocrx_word' id='word_1_79' title='bbox 629 2308 680 2392; x_wconf 90' lang='lat' dir='ltr'><em>X)</em></span> <span class='ocrx_word' id='word_1_80' title='bbox 689 2331 700 2372; x_wconf 92' lang='grc'><em>.·</em></span> 
     </span>
     <span class='ocr_line' id='line_1_12' title="bbox 411 2397 1189 2482; baseline -0.001 -21"><span class='ocrx_word' id='word_1_81' title='bbox 411 2397 518 2462; x_wconf 83' lang='lat' dir='ltr'><em>libros</em></span> <span class='ocrx_word' id='word_1_82' title='bbox 542 2399 653 2462; x_wconf 76' lang='lat' dir='ltr'><em>saneti</em></span> <span class='ocrx_word' id='word_1_83' title='bbox 676 2397 884 2463; x_wconf 82' lang='lat' dir='ltr'><em>Columbani</em></span> <span class='ocrx_word' id='word_1_84' title='bbox 905 2398 942 2461; x_wconf 90' lang='lat' dir='ltr'><em>in</em></span> <span class='ocrx_word' id='word_1_85' title='bbox 967 2398 1116 2482; x_wconf 82' lang='lat' dir='ltr'><em>psalmos</em></span> <span class='ocrx_word' id='word_1_86' title='bbox 1140 2398 1189 2473; x_wconf 80' lang='grc' dir='ltr'><em>ΙΙ,</em></span> 
     </span>
     <span class='ocr_line' id='line_1_13' title="bbox 237 2484 1359 2567; baseline -0.002 -16"><span class='ocrx_word' id='word_1_87' title='bbox 237 2490 509 2551; x_wconf 86' lang='lat' dir='ltr'><em>commemoratur.</em></span> <span class='ocrx_word' id='word_1_88' title='bbox 575 2484 704 2552; x_wconf 78' lang='lat' dir='ltr'><em>Codices</em></span> <span class='ocrx_word' id='word_1_89' title='bbox 740 2485 827 2567; x_wconf 90' lang='lat' dir='ltr'><em>ipsos</em></span> <span class='ocrx_word' id='word_1_90' title='bbox 864 2485 931 2551; x_wconf 90' lang='lat' dir='ltr'><em>iam</em></span> <span class='ocrx_word' id='word_1_91' title='bbox 969 2485 1133 2550; x_wconf 88' lang='lat' dir='ltr'><em>Patricius</em></span> <span class='ocrx_word' id='word_1_92' title='bbox 1171 2485 1359 2567; x_wconf 70' lang='lat' dir='ltr'><em>Fleminpus</em></span> 
     </span>
     <span class='ocr_line' id='line_1_14' title="bbox 237 2573 1359 2655; baseline 0 -17"><span class='ocrx_word' id='word_1_93' title='bbox 237 2574 366 2653; x_wconf 83' lang='lat' dir='ltr'><em>frustra</em></span> <span class='ocrx_word' id='word_1_94' title='bbox 393 2573 432 2638; x_wconf 96' lang='lat' dir='ltr'><em>in</em></span> <span class='ocrx_word' id='word_1_95' title='bbox 457 2573 510 2638; x_wconf 86' lang='lat' dir='ltr'><em>his</em></span> <span class='ocrx_word' id='word_1_96' title='bbox 539 2573 730 2640; x_wconf 73' lang='lat' dir='ltr'><em>bibliothecis</em></span> <span class='ocrx_word' id='word_1_97' title='bbox 759 2574 960 2655; x_wconf 78' lang='lat' dir='ltr'><em>quaesiverat</em></span> <span class='ocrx_word' id='word_1_98' title='bbox 988 2595 1045 2639; x_wconf 88' lang='lat' dir='ltr'><em>nec</em></span> <span class='ocrx_word' id='word_1_99' title='bbox 1073 2595 1124 2638; x_wconf 88' lang='lat' dir='ltr'><em>eos</em></span> <span class='ocrx_word' id='word_1_100' title='bbox 1153 2573 1233 2639; x_wconf 90' lang='lat' dir='ltr'><em>olibi</em></span> <span class='ocrx_word' id='word_1_101' title='bbox 1261 2573 1359 2652; x_wconf 84' lang='lat' dir='ltr'><em>facile</em></span> 
     </span>
     <span class='ocr_line' id='line_1_15' title="bbox 237 2661 1360 2744; baseline -0.001 -18"><span class='ocrx_word' id='word_1_102' title='bbox 237 2661 383 2728; x_wconf 82' lang='lat' dir='ltr'><em>inveniri</em></span> <span class='ocrx_word' id='word_1_103' title='bbox 416 2662 594 2744; x_wconf 65' lang='lat' dir='ltr'><em>contendit·</em></span> <span class='ocrx_word' id='word_1_104' title='bbox 626 2662 708 2728; x_wconf 84' lang='lat' dir='ltr'><em>cidit</em></span> <span class='ocrx_word' id='word_1_105' title='bbox 740 2669 844 2727; x_wconf 72' lang='lat' dir='ltr'><em>anum</em></span> <span class='ocrx_word' id='word_1_106' title='bbox 872 2663 910 2728; x_wconf 93' lang='lat' dir='ltr'><em>in</em></span> <span class='ocrx_word' id='word_1_107' title='bbox 943 2663 1133 2727; x_wconf 84' lang='lat' dir='ltr'><em>monasterio</em></span> <span class='ocrx_word' id='word_1_108' title='bbox 1163 2661 1360 2726; x_wconf 83' lang='lat' dir='ltr'><em>Lunooiensi</em></span> 
     </span>
     <span class='ocr_line' id='line_1_16' title="bbox 194 2749 1359 2834; baseline 0 -21"><span class='ocrx_word' id='word_1_109' title='bbox 194 2773 221 2813; x_wconf 67' lang='grc' dir='ltr'><em>ιε</em></span> <span class='ocrx_word' id='word_1_110' title='bbox 239 2749 500 2816; x_wconf 88' lang='lat' dir='ltr'><em>commentorium</em></span> <span class='ocrx_word' id='word_1_111' title='bbox 522 2771 617 2832; x_wconf 87' lang='lat' dir='ltr'><em>snper</em></span> <span class='ocrx_word' id='word_1_112' title='bbox 634 2753 784 2833; x_wconf 88' lang='lat' dir='ltr'><em>psalmos,</em></span> <span class='ocrx_word' id='word_1_113' title='bbox 808 2751 845 2816; x_wconf 90' lang='lat' dir='ltr'><em>in</em></span> <span class='ocrx_word' id='word_1_114' title='bbox 867 2773 928 2834; x_wconf 79' lang='lat' dir='ltr'><em>qno</em></span> <span class='ocrx_word' id='word_1_115' title='bbox 949 2752 1045 2816; x_wconf 86' lang='lat' dir='ltr'><em>ocrbu</em></span> <span class='ocrx_word' id='word_1_116' title='bbox 1067 2752 1209 2831; x_wconf 85' lang='lat' dir='ltr'><em>obsoleta,</em></span> <span class='ocrx_word' id='word_1_117' title='bbox 1239 2749 1359 2815; x_wconf 79' lang='lat' dir='ltr'><em>Colum·</em></span> 
     </span>
     <span class='ocr_line' id='line_1_17' title="bbox 240 2837 1360 2922; baseline -0.003 -17"><span class='ocrx_word' id='word_1_118' title='bbox 240 2840 323 2905; x_wconf 91' lang='lat' dir='ltr'><em>bono</em></span> <span class='ocrx_word' id='word_1_119' title='bbox 337 2838 527 2919; x_wconf 77' lang='lat' dir='ltr'><em>familiaria</em></span> <span class='ocrx_word' id='word_1_120' title='bbox 541 2840 781 2922; x_wconf 68' lang='lat' dir='ltr'><em>deprehendisse</em></span> <span class='ocrx_word' id='word_1_121' title='bbox 795 2840 858 2905; x_wconf 89' lang='lat' dir='ltr'><em>sibi</em></span> <span class='ocrx_word' id='word_1_122' title='bbox 872 2841 961 2905; x_wconf 77' lang='lat' dir='ltr'><em>oisrn</em></span> <span class='ocrx_word' id='word_1_123' title='bbox 976 2845 1029 2920; x_wconf 84' lang='lat' dir='ltr'><em>est,</em></span> <span class='ocrx_word' id='word_1_124' title='bbox 1045 2840 1101 2903; x_wconf 89' lang='lat' dir='ltr'><em>sed</em></span> <span class='ocrx_word' id='word_1_125' title='bbox 1115 2859 1212 2920; x_wconf 79' lang='lat' dir='ltr'><em>aeque</em></span> <span class='ocrx_word' id='word_1_126' title='bbox 1227 2837 1360 2902; x_wconf 88' lang='lat' dir='ltr'><em>alterius</em></span> 
     </span>
     <span class='ocr_line' id='line_1_18' title="bbox 239 2926 1360 3012; baseline -0.003 -18"><span class='ocrx_word' id='word_1_127' title='bbox 239 2927 353 2994; x_wconf 85' lang='lat' dir='ltr'><em>uetusti</em></span> <span class='ocrx_word' id='word_1_128' title='bbox 376 2927 516 2992; x_wconf 88' lang='lat' dir='ltr'><em>auctoris</em></span> <span class='ocrx_word' id='word_1_129' title='bbox 539 2949 577 2994; x_wconf 90' lang='lat' dir='ltr'><em>ea</em></span> <span class='ocrx_word' id='word_1_130' title='bbox 599 2949 664 2994; x_wconf 89' lang='lat' dir='ltr'><em>esse</em></span> <span class='ocrx_word' id='word_1_131' title='bbox 683 2950 778 3012; x_wconf 88' lang='lat' dir='ltr'><em>posse</em></span> <span class='ocrx_word' id='word_1_132' title='bbox 801 2928 959 3009; x_wconf 84' lang='lat' dir='ltr'><em>concessit,</em></span> <span class='ocrx_word' id='word_1_133' title='bbox 990 2930 1074 2993; x_wconf 91' lang='lat' dir='ltr'><em>unde</em></span> <span class='ocrx_word' id='word_1_134' title='bbox 1103 2927 1187 2991; x_wconf 91' lang='lat' dir='ltr'><em>nihil</em></span> <span class='ocrx_word' id='word_1_135' title='bbox 1215 2926 1293 2991; x_wconf 85' lang='lat' dir='ltr'><em>certi</em></span> <span class='ocrx_word' id='word_1_136' title='bbox 1322 2928 1360 2991; x_wconf 90' lang='lat' dir='ltr'><em>de</em></span> 
     </span>
     <span class='ocr_line' id='line_1_19' title="bbox 234 3013 1360 3099; baseline -0.001 -18"><span class='ocrx_word' id='word_1_137' title='bbox 234 3014 383 3099; x_wconf 83' lang='lat' dir='ltr'><em>praefati</em></span> <span class='ocrx_word' id='word_1_138' title='bbox 406 3016 510 3098; x_wconf 86' lang='lat' dir='ltr'><em>operis</em></span> <span class='ocrx_word' id='word_1_139' title='bbox 532 3023 659 3082; x_wconf 87' lang='lat' dir='ltr'><em>anctore</em></span> <span class='ocrx_word' id='word_1_140' title='bbox 680 3017 800 3096; x_wconf 81' lang='lat' dir='ltr'><em>offerre</em></span> <span class='ocrx_word' id='word_1_141' title='bbox 816 3023 951 3099; x_wconf 90' lang='lat' dir='ltr'><em>poterat.</em></span> <span class='ocrx_word' id='word_1_142' title='bbox 997 3017 1148 3081; x_wconf 85' lang='lat' dir='ltr'><em>Attamen</em></span> <span class='ocrx_word' id='word_1_143' title='bbox 1173 3013 1360 3082; x_wconf 79' lang='lat' dir='ltr'><em>Columboni</em></span> 
     </span>
     <span class='ocr_line' id='line_1_20' title="bbox 241 3103 1362 3188; baseline -0.004 -18"><span class='ocrx_word' id='word_1_144' title='bbox 241 3103 467 3188; x_wconf 71' lang='lat' dir='ltr'><em>expositionem</em></span> <span class='ocrx_word' id='word_1_145' title='bbox 500 3106 605 3171; x_wconf 89' lang='lat' dir='ltr'><em>adhuc</em></span> <span class='ocrx_word' id='word_1_146' title='bbox 638 3112 745 3171; x_wconf 85' lang='lat' dir='ltr'><em>entare</em></span> <span class='ocrx_word' id='word_1_147' title='bbox 778 3106 870 3171; x_wconf 89' lang='lat' dir='ltr'><em>hodie</em></span> <span class='ocrx_word' id='word_1_148' title='bbox 903 3105 1076 3171; x_wconf 90' lang='lat' dir='ltr'><em>communis</em></span> <span class='ocrx_word' id='word_1_149' title='bbox 1110 3103 1217 3187; x_wconf 87' lang='lat' dir='ltr'><em>opinio</em></span> <span class='ocrx_word' id='word_1_150' title='bbox 1250 3109 1297 3168; x_wconf 91' lang='lat' dir='ltr'><em>est</em></span> <span class='ocrx_word' id='word_1_151' title='bbox 1332 3110 1362 3167; x_wconf 93' lang='lat' dir='ltr'><em>et</em></span> 
     </span>
     <span class='ocr_line' id='line_1_21' title="bbox 204 3192 1360 3275; baseline -0.003 -16"><span class='ocrx_word' id='word_1_152' title='bbox 204 3211 228 3251; x_wconf 61' lang='grc' dir='ltr'><strong>ω</strong></span> <span class='ocrx_word' id='word_1_153' title='bbox 242 3194 384 3260; x_wconf 83' lang='lat' dir='ltr'><em>ereditur</em></span> <span class='ocrx_word' id='word_1_154' title='bbox 413 3214 479 3259; x_wconf 89' lang='lat' dir='ltr'><em>esse</em></span> <span class='ocrx_word' id='word_1_155' title='bbox 507 3215 546 3258; x_wconf 88' lang='lat' dir='ltr'><em>ea</em></span> <span class='ocrx_word' id='word_1_156' title='bbox 574 3215 670 3275; x_wconf 79' lang='lat' dir='ltr'><em>quom</em></span> <span class='ocrx_word' id='word_1_157' title='bbox 692 3194 899 3260; x_wconf 70' lang='lat' dir='ltr'><em>dictatorius</em></span> <span class='ocrx_word' id='word_1_158' title='bbox 927 3216 944 3258; x_wconf 96' lang='lat' dir='ltr'><em>e</em></span> <span class='ocrx_word' id='word_1_159' title='bbox 973 3194 1077 3260; x_wconf 89' lang='lat' dir='ltr'><em>codice</em></span> <span class='ocrx_word' id='word_1_160' title='bbox 1098 3192 1262 3272; x_wconf 89' lang='lat' dir='ltr'><em>Bobiensi,</em></span> <span class='ocrx_word' id='word_1_161' title='bbox 1292 3192 1360 3256; x_wconf 89' lang='lat' dir='ltr'><em>iam</em></span> 
     </span>
     <span class='ocr_line' id='line_1_22' title="bbox 240 3281 1359 3363; baseline -0.003 -15"><span class='ocrx_word' id='word_1_162' title='bbox 240 3282 485 3348; x_wconf 74' lang='lat' dir='ltr'><em>Mediolanensi</em></span> <span class='ocrx_word' id='word_1_163' title='bbox 507 3282 709 3349; x_wconf 90' lang='lat' dir='ltr'><em>bibliothecae</em></span> <span class='ocrx_word' id='word_1_164' title='bbox 731 3283 967 3348; x_wconf 82' lang='lat' dir='ltr'><em>Ambrosianoe</em></span> <span class='ocrx_word' id='word_1_165' title='bbox 994 3281 1028 3349; x_wconf 80' lang='grc' dir='ltr'><em>Ο.</em></span> <span class='ocrx_word' id='word_1_166' title='bbox 1054 3289 1128 3363; x_wconf 88' lang='lat'>301,</span> <span class='ocrx_word' id='word_1_167' title='bbox 1152 3302 1233 3347; x_wconf 88' lang='lat' dir='ltr'><em>saec.</em></span> <span class='ocrx_word' id='word_1_168' title='bbox 1255 3281 1359 3362; x_wconf 82' lang='lat' dir='ltr'><strong><em>VIII,</em></strong></span> 
     </span>
     <span class='ocr_line' id='line_1_23' title="bbox 237 3370 1360 3455; baseline -0.004 -17"><span class='ocrx_word' id='word_1_169' title='bbox 237 3372 295 3450; x_wconf 78' lang='lat' dir='ltr'><em>fol.</em></span> <span class='ocrx_word' id='word_1_170' title='bbox 317 3375 480 3452; x_wconf 82' lang='lat' dir='ltr'><em>14-14o,</em></span> <span class='ocrx_word' id='word_1_171' title='bbox 504 3374 653 3437; x_wconf 83' lang='lat' dir='ltr'><em>eruerat6</em></span> <span class='ocrx_word' id='word_1_172' title='bbox 670 3372 923 3455; x_wconf 75' lang='lat' dir='ltr'><em>praescriptione</em></span> <span class='ocrx_word' id='word_1_173' title='bbox 945 3377 975 3437; x_wconf 92' lang='lat' dir='ltr'><em>et</em></span> <span class='ocrx_word' id='word_1_174' title='bbox 995 3372 1133 3451; x_wconf 85' lang='lat' dir='ltr'><em>fortasse</em></span> <span class='ocrx_word' id='word_1_175' title='bbox 1154 3370 1249 3436; x_wconf 77' lang='lat' dir='ltr'><em>cham</em></span> <span class='ocrx_word' id='word_1_176' title='bbox 1265 3390 1360 3453; x_wconf 90' lang='lat' dir='ltr'><em>prae·</em></span> 
     </span>
     <span class='ocr_line' id='line_1_24' title="bbox 235 3459 1361 3544; baseline -0.003 -17"><span class='ocrx_word' id='word_1_177' title='bbox 235 3460 388 3539; x_wconf 79' lang='lat' dir='ltr'><em>fanom⁷</em></span> <span class='ocrx_word' id='word_1_178' title='bbox 410 3460 599 3542; x_wconf 84' lang='lat' dir='ltr'><em>destitutam,</em></span> <span class='ocrx_word' id='word_1_179' title='bbox 623 3482 693 3527; x_wconf 91' lang='lat' dir='ltr'><em>cum</em></span> <span class='ocrx_word' id='word_1_180' title='bbox 714 3461 799 3540; x_wconf 83' lang='lat' dir='ltr'><em>folio</em></span> <span class='ocrx_word' id='word_1_181' title='bbox 816 3460 1042 3544; x_wconf 86' lang='lat' dir='ltr'><em>praecedentia</em></span> <span class='ocrx_word' id='word_1_182' title='bbox 1063 3459 1232 3542; x_wconf 74' lang='lat' dir='ltr'><em>perierint.</em></span> <span class='ocrx_word' id='word_1_183' title='bbox 1283 3459 1361 3525; x_wconf 82' lang='lat' dir='ltr'><em>Ger-</em></span> 
     </span>
     <span class='ocr_line' id='line_1_25' title="bbox 231 3548 1362 3633; baseline -0.002 -18"><span class='ocrx_word' id='word_1_184' title='bbox 231 3569 342 3615; x_wconf 88' lang='lat' dir='ltr'><em>mano</em></span> <span class='ocrx_word' id='word_1_185' title='bbox 365 3548 559 3632; x_wconf 75' lang='lat' dir='ltr'><em>Hieronymi</em></span> <span class='ocrx_word' id='word_1_186' title='bbox 587 3549 706 3633; x_wconf 76' lang='lat' dir='ltr'><em>scripto</em></span> <span class='ocrx_word' id='word_1_187' title='bbox 729 3550 839 3632; x_wconf 89' lang='lat' dir='ltr'><em>priori</em></span> <span class='ocrx_word' id='word_1_188' title='bbox 868 3550 985 3616; x_wconf 90' lang='lat' dir='ltr'><em>codicis</em></span> <span class='ocrx_word' id='word_1_189' title='bbox 1007 3548 1100 3631; x_wconf 89' lang='lat' dir='ltr'><em>parti</em></span> <span class='ocrx_word' id='word_1_190' title='bbox 1127 3549 1247 3629; x_wconf 87' lang='lat' dir='ltr'><em>insunt,</em></span> <span class='ocrx_word' id='word_1_191' title='bbox 1277 3549 1362 3613; x_wconf 89' lang='lat' dir='ltr'><em>unde</em></span> 
     </span>
     <span class='ocr_line' id='line_1_26' title="bbox 189 3636 1362 3720; baseline -0.001 -18"><span class='ocrx_word' id='word_1_192' title='bbox 189 3647 208 3689; x_wconf 69' lang='lat'><em>*⁶</em></span> <span class='ocrx_word' id='word_1_193' title='bbox 232 3636 402 3704; x_wconf 81' lang='lat' dir='ltr'><em>librarius</em></span> <span class='ocrx_word' id='word_1_194' title='bbox 427 3658 507 3703; x_wconf 89' lang='lat' dir='ltr'><em>saec.</em></span> <span class='ocrx_word' id='word_1_195' title='bbox 542 3638 621 3703; x_wconf 89' lang='lat' dir='ltr'><em>XV.</em></span> <span class='ocrx_word' id='word_1_196' title='bbox 652 3645 682 3703; x_wconf 93' lang='lat' dir='ltr'><em>et</em></span> <span class='ocrx_word' id='word_1_197' title='bbox 709 3638 932 3720; x_wconf 79' lang='lat' dir='ltr'><em>expositionem</em></span> <span class='ocrx_word' id='word_1_198' title='bbox 962 3638 1100 3702; x_wconf 89' lang='lat' dir='ltr'><em>eiusdem</em></span> <span class='ocrx_word' id='word_1_199' title='bbox 1128 3636 1267 3703; x_wconf 86' lang='lat' dir='ltr'><em>auctoris</em></span> <span class='ocrx_word' id='word_1_200' title='bbox 1296 3658 1362 3701; x_wconf 90' lang='lat' dir='ltr'><em>esse</em></span> 
     </span>
     <span class='ocr_line' id='line_1_27' title="bbox 228 3724 1362 3808; baseline -0.004 -15"><span class='ocrx_word' id='word_1_201' title='bbox 228 3725 390 3807; x_wconf 82' lang='lat' dir='ltr'><em>coniecit,</em></span> <span class='ocrx_word' id='word_1_202' title='bbox 425 3727 613 3791; x_wconf 88' lang='lat' dir='ltr'><em>recentiores</em></span> <span class='ocrx_word' id='word_1_203' title='bbox 642 3733 745 3792; x_wconf 88' lang='lat' dir='ltr'><em>autem</em></span> <span class='ocrx_word' id='word_1_204' title='bbox 779 3749 885 3792; x_wconf 91' lang='lat' dir='ltr'><em>omnes</em></span> <span class='ocrx_word' id='word_1_205' title='bbox 915 3726 1072 3792; x_wconf 88' lang='lat' dir='ltr'><em>Vallarsii</em></span> <span class='ocrx_word' id='word_1_206' title='bbox 1102 3726 1236 3808; x_wconf 75' lang='lat' dir='ltr'><em>oestipio</em></span> <span class='ocrx_word' id='word_1_207' title='bbox 1265 3724 1362 3790; x_wconf 88' lang='lat' dir='ltr'><em>secuti</em></span> 
     </span>
     <span class='ocr_line' id='line_1_28' title="bbox 238 3813 1362 3896; baseline -0.003 -15"><span class='ocrx_word' id='word_1_208' title='bbox 238 3816 442 3882; x_wconf 82' lang='lat' dir='ltr'><em>Oolumbano</em></span> <span class='ocrx_word' id='word_1_209' title='bbox 459 3814 567 3896; x_wconf 86' lang='lat' dir='ltr'><em>potius</em></span> <span class='ocrx_word' id='word_1_210' title='bbox 589 3836 659 3881; x_wconf 88' lang='lat' dir='ltr'><em>eom</em></span> <span class='ocrx_word' id='word_1_211' title='bbox 682 3816 904 3881; x_wconf 85' lang='lat' dir='ltr'><em>attribuerunt.</em></span> <span class='ocrx_word' id='word_1_212' title='bbox 955 3813 1060 3881; x_wconf 79' lang='lat' dir='ltr'><em>(leden</em></span> <span class='ocrx_word' id='word_1_213' title='bbox 1082 3821 1215 3896; x_wconf 87' lang='lat' dir='ltr'><em>propter</em></span> <span class='ocrx_word' id='word_1_214' title='bbox 1238 3815 1362 3896; x_wconf 75' lang='lat' dir='ltr'><em>plassas</em></span> 
     </span>
     <span class='ocr_line' id='line_1_29' title="bbox 226 3902 1362 3987; baseline -0.003 -18"><span class='ocrx_word' id='word_1_215' title='bbox 226 3903 441 3969; x_wconf 77' lang='lat' dir='ltr'><em>Hibernicas</em></span> <span class='ocrx_word' id='word_1_216' title='bbox 462 3924 544 3969; x_wconf 90' lang='lat' dir='ltr'><em>saec.</em></span> <span class='ocrx_word' id='word_1_217' title='bbox 568 3904 637 3967; x_wconf 86' lang='lat' dir='ltr'><em>IX.</em></span> <span class='ocrx_word' id='word_1_218' title='bbox 661 3904 841 3987; x_wconf 79' lang='lat' dir='ltr'><em>adscriptas</em></span> <span class='ocrx_word' id='word_1_219' title='bbox 862 3906 950 3985; x_wconf 90' lang='lat' dir='ltr'><em>apud</em></span> <span class='ocrx_word' id='word_1_220' title='bbox 971 3904 1099 3986; x_wconf 72' lang='lat' dir='ltr'><em>linquae</em></span> <span class='ocrx_word' id='word_1_221' title='bbox 1128 3904 1217 3968; x_wconf 87' lang='lat' dir='ltr'><em>illins</em></span> <span class='ocrx_word' id='word_1_222' title='bbox 1239 3902 1362 3985; x_wconf 86' lang='lat' dir='ltr'><em>peritos</em></span> 
     </span>
     <span class='ocr_line' id='line_1_30' title="bbox 226 3989 1376 4074; baseline -0.003 -17"><span class='ocrx_word' id='word_1_223' title='bbox 226 4013 364 4074; x_wconf 76' lang='lat' dir='ltr'><em>mapna</em></span> <span class='ocrx_word' id='word_1_224' title='bbox 387 3991 573 4057; x_wconf 86' lang='lat' dir='ltr'><em>anctoritate</em></span> <span class='ocrx_word' id='word_1_225' title='bbox 595 4014 661 4058; x_wconf 95' lang='lat' dir='ltr'><em>non</em></span> <span class='ocrx_word' id='word_1_226' title='bbox 683 3993 840 4058; x_wconf 86' lang='lat' dir='ltr'><em>immerito</em></span> <span class='ocrx_word' id='word_1_227' title='bbox 862 3996 965 4073; x_wconf 80' lang='lat' dir='ltr'><em>floret,</em></span> <span class='ocrx_word' id='word_1_228' title='bbox 996 3993 1043 4056; x_wconf 88' lang='lat' dir='ltr'><em>ita</em></span> <span class='ocrx_word' id='word_1_229' title='bbox 1070 3998 1106 4055; x_wconf 93' lang='lat' dir='ltr'><em>ut</em></span> <span class='ocrx_word' id='word_1_230' title='bbox 1132 3992 1199 4056; x_wconf 89' lang='lat' dir='ltr'><em>iam</em></span> <span class='ocrx_word' id='word_1_231' title='bbox 1229 3992 1269 4057; x_wconf 90' lang='lat' dir='ltr'><em>ab</em></span> <span class='ocrx_word' id='word_1_232' title='bbox 1297 3989 1376 4055; x_wconf 75' lang='lat' dir='ltr'><em>nno&#39;</em></span> 
     </span>
     <span class='ocr_line' id='line_1_31' title="bbox 189 4079 1363 4164; baseline -0.003 -17"><span class='ocrx_word' id='word_1_233' title='bbox 189 4099 193 4122; x_wconf 62' lang='lat'>³</span> <span class='ocrx_word' id='word_1_234' title='bbox 228 4101 351 4147; x_wconf 87' lang='lat' dir='ltr'><em>eornm</em></span> <span class='ocrx_word' id='word_1_235' title='bbox 373 4082 418 4145; x_wconf 89' lang='lat' dir='ltr'><em>ad</em></span> <span class='ocrx_word' id='word_1_236' title='bbox 438 4101 575 4163; x_wconf 76' lang='lat' dir='ltr'><em>nnpnem</em></span> <span class='ocrx_word' id='word_1_237' title='bbox 603 4102 768 4164; x_wconf 81' lang='lat' dir='ltr'><em>enpressns</em></span> <span class='ocrx_word' id='word_1_238' title='bbox 797 4082 834 4147; x_wconf 91' lang='lat' dir='ltr'><em>in</em></span> <span class='ocrx_word' id='word_1_239' title='bbox 857 4080 1021 4163; x_wconf 88' lang='lat' dir='ltr'><em>publicum</em></span> <span class='ocrx_word' id='word_1_240' title='bbox 1045 4079 1203 4161; x_wconf 85' lang='lat' dir='ltr'><em>prodierit</em></span> <span class='ocrx_word' id='word_1_241' title='bbox 1211 4081 1233 4159; x_wconf 82' lang='lat'><em>⁸,</em></span> <span class='ocrx_word' id='word_1_242' title='bbox 1263 4098 1363 4160; x_wconf 80' lang='lat' dir='ltr'><em>neque</em></span> 
     </span>
    </p>
   </div>
   <div class='ocr_carea' id='block_1_3' title="bbox 189 4236 1366 5368">
    <p class='ocr_par' dir='ltr' id='par_1_3' title="bbox 229 4236 1362 4519">
     <span class='ocr_line' id='line_1_32' title="bbox 233 4236 1362 4307; baseline -0.006 -14"><span class='ocrx_word' id='word_1_243' title='bbox 233 4239 267 4304; x_wconf 86' lang='lat'><em>1)</em></span> <span class='ocrx_word' id='word_1_244' title='bbox 299 4237 344 4301; x_wconf 75' lang='lat' dir='ltr'><em>Cf.</em></span> <span class='ocrx_word' id='word_1_245' title='bbox 363 4236 443 4302; x_wconf 77' lang='lat' dir='ltr'><em>Jafft</em></span> <span class='ocrx_word' id='word_1_246' title='bbox 463 4256 491 4292; x_wconf 84' lang='lat' dir='ltr'><em>n.</em></span> <span class='ocrx_word' id='word_1_247' title='bbox 511 4238 606 4294; x_wconf 65' lang='lat'>10942.</span> <span class='ocrx_word' id='word_1_248' title='bbox 704 4237 733 4307; x_wconf 79' lang='lat'><em>2)</em></span> <span class='ocrx_word' id='word_1_249' title='bbox 759 4238 817 4290; x_wconf 82' lang='lat' dir='ltr'><em>Eas</em></span> <span class='ocrx_word' id='word_1_250' title='bbox 842 4254 867 4292; x_wconf 89' lang='lat' dir='ltr'><em>o.</em></span> <span class='ocrx_word' id='word_1_251' title='bbox 887 4238 978 4301; x_wconf 65' lang='lat' dir='ltr'><em>bebio.</em></span> <span class='ocrx_word' id='word_1_252' title='bbox 1003 4238 1167 4303; x_wconf 77' lang='lat' dir='ltr'><em>conscriptas</em></span> <span class='ocrx_word' id='word_1_253' title='bbox 1191 4251 1244 4287; x_wconf 83' lang='lat' dir='ltr'><em>esse</em></span> <span class='ocrx_word' id='word_1_254' title='bbox 1267 4238 1362 4286; x_wconf 77' lang='lat' dir='ltr'><em>detuit</em></span> 
     </span>
     <span class='ocr_line' id='line_1_33' title="bbox 229 4306 1362 4377; baseline -0.002 -18"><span class='ocrx_word' id='word_1_255' title='bbox 229 4308 272 4363; x_wconf 80' lang='lat' dir='ltr'><em>P.</em></span> <span class='ocrx_word' id='word_1_256' title='bbox 291 4308 399 4373; x_wconf 80' lang='lat' dir='ltr'><em>Emald,</em></span> <span class='ocrx_word' id='word_1_257' title='bbox 419 4308 651 4375; x_wconf 77' lang='lat' dir='ltr'><em>Jafftn.1401².</em></span> <span class='ocrx_word' id='word_1_258' title='bbox 724 4309 753 4377; x_wconf 88' lang='grc'><em>3)</em></span> <span class='ocrx_word' id='word_1_259' title='bbox 771 4310 800 4364; x_wconf 89' lang='lat' dir='ltr'><em>V.</em></span> <span class='ocrx_word' id='word_1_260' title='bbox 820 4309 936 4362; x_wconf 81' lang='lat' dir='ltr'><em>Columb.</em></span> <span class='ocrx_word' id='word_1_261' title='bbox 953 4309 1016 4375; x_wconf 85' lang='lat'><strong><em>1,3.</em></strong></span> <span class='ocrx_word' id='word_1_262' title='bbox 1088 4308 1116 4377; x_wconf 84' lang='lat'><em>4)</em></span> <span class='ocrx_word' id='word_1_263' title='bbox 1140 4308 1182 4371; x_wconf 76' lang='lat' dir='ltr'><em>Cf.</em></span> <span class='ocrx_word' id='word_1_264' title='bbox 1204 4307 1237 4362; x_wconf 81' lang='lat' dir='ltr'><em>G.</em></span> <span class='ocrx_word' id='word_1_265' title='bbox 1254 4306 1362 4371; x_wconf 83' lang='lat' dir='ltr'><em>Becher,</em></span> 
     </span>
     <span class='ocr_line' id='line_1_34' title="bbox 234 4375 1360 4449; baseline -0.001 -16"><span class='ocrx_word' id='word_1_266' title='bbox 234 4379 368 4445; x_wconf 72' lang='lat' dir='ltr'><em>cannot</em></span> <span class='ocrx_word' id='word_1_267' title='bbox 384 4378 597 4433; x_wconf 81' lang='lat' dir='ltr'><em>bibliothecarum</em></span> <span class='ocrx_word' id='word_1_268' title='bbox 616 4382 723 4447; x_wconf 79' lang='lat' dir='ltr'><em>antiqui</em></span> <span class='ocrx_word' id='word_1_269' title='bbox 736 4398 765 4449; x_wconf 88' lang='lat' dir='ltr'><em>p.</em></span> <span class='ocrx_word' id='word_1_270' title='bbox 778 4382 823 4445; x_wconf 83' lang='lat'><em>48,</em></span> <span class='ocrx_word' id='word_1_271' title='bbox 841 4396 868 4434; x_wconf 87' lang='lat' dir='ltr'><em>n.</em></span> <span class='ocrx_word' id='word_1_272' title='bbox 882 4382 943 4435; x_wconf 79' lang='lat'>229.</span> <span class='ocrx_word' id='word_1_273' title='bbox 1016 4380 1043 4446; x_wconf 89' lang='lat'><em>5)</em></span> <span class='ocrx_word' id='word_1_274' title='bbox 1064 4380 1084 4429; x_wconf 90' lang='lat' dir='ltr'><em>I</em></span> <span class='ocrx_word' id='word_1_275' title='bbox 1086 4378 1109 4433; x_wconf 84' lang='lat' dir='ltr'><em>b.</em></span> <span class='ocrx_word' id='word_1_276' title='bbox 1125 4396 1154 4446; x_wconf 88' lang='lat' dir='ltr'><em>p.</em></span> <span class='ocrx_word' id='word_1_277' title='bbox 1168 4380 1211 4444; x_wconf 83' lang='grc'><em>67,</em></span> <span class='ocrx_word' id='word_1_278' title='bbox 1230 4395 1256 4433; x_wconf 89' lang='lat' dir='ltr'><em>n.</em></span> <span class='ocrx_word' id='word_1_279' title='bbox 1270 4375 1360 4440; x_wconf 69' lang='lat' dir='ltr'><em>eloti.</em></span> 
     </span>
     <span class='ocr_line' id='line_1_35' title="bbox 233 4448 1361 4519; baseline 0 -19"><span class='ocrx_word' id='word_1_280' title='bbox 233 4451 269 4519; x_wconf 79' lang='grc'><em>8)</em></span> <span class='ocrx_word' id='word_1_281' title='bbox 290 4448 445 4502; x_wconf 78' lang='lat' dir='ltr'><em>Muratorii</em></span> <span class='ocrx_word' id='word_1_282' title='bbox 455 4452 635 4518; x_wconf 78' lang='lat' dir='ltr'><em>Antiquitates</em></span> <span class='ocrx_word' id='word_1_283' title='bbox 645 4452 758 4503; x_wconf 86' lang='lat' dir='ltr'><em>Italicae</em></span> <span class='ocrx_word' id='word_1_284' title='bbox 775 4452 858 4503; x_wconf 88' lang='lat' dir='ltr'><em>modii</em></span> <span class='ocrx_word' id='word_1_285' title='bbox 873 4453 932 4503; x_wconf 83' lang='lat' dir='ltr'><em>oeoi</em></span> <span class='ocrx_word' id='word_1_286' title='bbox 945 4450 1003 4517; x_wconf 83' lang='lat' dir='ltr'><strong><em>III,</em></strong></span> <span class='ocrx_word' id='word_1_287' title='bbox 1015 4453 1077 4505; x_wconf 87' lang='grc'><strong>857.</strong></span> <span class='ocrx_word' id='word_1_288' title='bbox 1109 4451 1226 4502; x_wconf 87' lang='lat' dir='ltr'><em>Codicem</em></span> <span class='ocrx_word' id='word_1_289' title='bbox 1245 4451 1361 4516; x_wconf 85' lang='lat' dir='ltr'><em>descrip-</em></span> 
     </span>
    </p>

    <p class='ocr_par' dir='ltr' id='par_1_4' title="bbox 189 4521 1363 4875">
     <span class='ocr_line' id='line_1_36' title="bbox 189 4521 1363 4588; baseline 0.001 -15"><span class='ocrx_word' id='word_1_290' title='bbox 189 4528 195 4550; x_wconf 78' lang='lat'>&#39;</span> <span class='ocrx_word' id='word_1_291' title='bbox 232 4525 337 4573; x_wconf 83' lang='lat' dir='ltr'><em>serunt</em></span> <span class='ocrx_word' id='word_1_292' title='bbox 362 4521 398 4572; x_wconf 78' lang='lat' dir='ltr'><em>A.</em></span> <span class='ocrx_word' id='word_1_293' title='bbox 416 4522 617 4588; x_wconf 73' lang='lat' dir='ltr'><em>Reifferscheid,</em></span> <span class='ocrx_word' id='word_1_294' title='bbox 643 4523 714 4576; x_wconf 91' lang='lat' dir='ltr'><em>Bibl.</em></span> <span class='ocrx_word' id='word_1_295' title='bbox 738 4529 852 4588; x_wconf 85' lang='lat' dir='ltr'><em>patrum</em></span> <span class='ocrx_word' id='word_1_296' title='bbox 880 4522 1044 4573; x_wconf 86' lang='lat' dir='ltr'><em>Latinorum</em></span> <span class='ocrx_word' id='word_1_297' title='bbox 1071 4522 1172 4573; x_wconf 87' lang='lat' dir='ltr'><em>Italica</em></span> <span class='ocrx_word' id='word_1_298' title='bbox 1199 4522 1238 4584; x_wconf 86' lang='lat' dir='ltr'><em>II,</em></span> <span class='ocrx_word' id='word_1_299' title='bbox 1262 4538 1292 4586; x_wconf 90' lang='lat' dir='ltr'><em>p.</em></span> <span class='ocrx_word' id='word_1_300' title='bbox 1310 4522 1363 4585; x_wconf 85' lang='lat'><strong>43,-</strong></span> 
     </span>
     <span class='ocr_line' id='line_1_37' title="bbox 234 4592 1361 4660; baseline 0 -18"><span class='ocrx_word' id='word_1_301' title='bbox 234 4592 343 4658; x_wconf 74' lang='lat' dir='ltr'><em>thm,</em></span> <span class='ocrx_word' id='word_1_302' title='bbox 363 4592 423 4644; x_wconf 81' lang='lat' dir='ltr'><em>‘Les</em></span> <span class='ocrx_word' id='word_1_303' title='bbox 439 4594 523 4660; x_wconf 74' lang='lat' dir='ltr'><em>ploses</em></span> <span class='ocrx_word' id='word_1_304' title='bbox 541 4595 706 4645; x_wconf 84' lang='lat' dir='ltr'><em>irlandaises</em></span> <span class='ocrx_word' id='word_1_305' title='bbox 727 4594 759 4645; x_wconf 88' lang='lat' dir='ltr'><em>dc</em></span> <span class='ocrx_word' id='word_1_306' title='bbox 776 4592 876 4645; x_wconf 82' lang='lat' dir='ltr'><em>Milan’</em></span> <span class='ocrx_word' id='word_1_307' title='bbox 894 4593 1002 4657; x_wconf 83' lang='lat' dir='ltr'><em>(‘Iterue</em></span> <span class='ocrx_word' id='word_1_308' title='bbox 1020 4593 1138 4659; x_wconf 79' lang='lat' dir='ltr'><em>nltiquc’</em></span> <span class='ocrx_word' id='word_1_309' title='bbox 1156 4594 1194 4648; x_wconf 87' lang='lat' dir='ltr'><em>od.</em></span> <span class='ocrx_word' id='word_1_310' title='bbox 1215 4594 1318 4644; x_wconf 74' lang='lat' dir='ltr'><em>Gauim</em></span> <span class='ocrx_word' id='word_1_311' title='bbox 1335 4592 1361 4658; x_wconf 84' lang='lat' dir='ltr'><em>I,</em></span> 
     </span>
     <span class='ocr_line' id='line_1_38' title="bbox 229 4663 1363 4733; baseline -0.003 -17"><span class='ocrx_word' id='word_1_312' title='bbox 229 4680 267 4731; x_wconf 78' lang='lat' dir='ltr'><em>p.</em></span> <span class='ocrx_word' id='word_1_313' title='bbox 283 4664 426 4727; x_wconf 78' lang='lat'>60-65).</span> <span class='ocrx_word' id='word_1_314' title='bbox 517 4663 544 4733; x_wconf 78' lang='lat'><em>7)</em></span> <span class='ocrx_word' id='word_1_315' title='bbox 570 4665 698 4717; x_wconf 82' lang='lat' dir='ltr'><em>Eiusdem</em></span> <span class='ocrx_word' id='word_1_316' title='bbox 723 4665 760 4715; x_wconf 89' lang='lat' dir='ltr'><em>ad</em></span> <span class='ocrx_word' id='word_1_317' title='bbox 784 4665 828 4718; x_wconf 89' lang='lat' dir='ltr'><em>Ps.</em></span> <span class='ocrx_word' id='word_1_318' title='bbox 849 4666 890 4718; x_wconf 81' lang='lat'><em>15.</em></span> <span class='ocrx_word' id='word_1_319' title='bbox 919 4664 962 4714; x_wconf 88' lang='lat' dir='ltr'><em>his</em></span> <span class='ocrx_word' id='word_1_320' title='bbox 986 4664 1071 4716; x_wconf 72' lang='lat' dir='ltr'><em>verbu</em></span> <span class='ocrx_word' id='word_1_321' title='bbox 1095 4668 1190 4715; x_wconf 82' lang='lat' dir='ltr'><em>auctor</em></span> <span class='ocrx_word' id='word_1_322' title='bbox 1213 4665 1363 4715; x_wconf 85' lang='lat' dir='ltr'><em>meminisse</em></span> 
     </span>
     <span class='ocr_line' id='line_1_39' title="bbox 238 4732 1363 4803; baseline -0.001 -18"><span class='ocrx_word' id='word_1_323' title='bbox 238 4734 364 4785; x_wconf 79' lang='lat' dir='ltr'><em>videtur:</em></span> <span class='ocrx_word' id='word_1_324' title='bbox 388 4732 480 4786; x_wconf 83' lang='lat' dir='ltr'><em>Multa</em></span> <span class='ocrx_word' id='word_1_325' title='bbox 503 4751 622 4803; x_wconf 86' lang='lat' dir='ltr'><em>namque</em></span> <span class='ocrx_word' id='word_1_326' title='bbox 647 4733 719 4803; x_wconf 82' lang='lat' dir='ltr'><em>apud</em></span> <span class='ocrx_word' id='word_1_327' title='bbox 738 4733 843 4787; x_wconf 83' lang='lat' dir='ltr'><em>Ebreos</em></span> <span class='ocrx_word' id='word_1_328' title='bbox 861 4734 1044 4801; x_wconf 84' lang='lat' dir='ltr'><em>inveniuntur,</em></span> <span class='ocrx_word' id='word_1_329' title='bbox 1070 4750 1139 4802; x_wconf 82' lang='lat' dir='ltr'><em>quse</em></span> <span class='ocrx_word' id='word_1_330' title='bbox 1158 4750 1193 4787; x_wconf 88' lang='lat' dir='ltr'><em>ex</em></span> <span class='ocrx_word' id='word_1_331' title='bbox 1210 4734 1292 4786; x_wconf 81' lang='lat' dir='ltr'><em>rebus</em></span> <span class='ocrx_word' id='word_1_332' title='bbox 1311 4733 1363 4785; x_wconf 85' lang='lat' dir='ltr'><em>sibi</em></span> 
     </span>
     <span class='ocr_line' id='line_1_40' title="bbox 239 4803 1363 4875; baseline -0.001 -19"><span class='ocrx_word' id='word_1_333' title='bbox 239 4804 332 4856; x_wconf 80' lang='lat' dir='ltr'><em>insitis</em></span> <span class='ocrx_word' id='word_1_334' title='bbox 351 4804 489 4872; x_wconf 82' lang='lat' dir='ltr'><em>aeeipinnt</em></span> <span class='ocrx_word' id='word_1_335' title='bbox 505 4822 614 4875; x_wconf 87' lang='lat' dir='ltr'><em>nomen,</em></span> <span class='ocrx_word' id='word_1_336' title='bbox 640 4805 715 4873; x_wconf 88' lang='lat' dir='ltr'><em>quod</em></span> <span class='ocrx_word' id='word_1_337' title='bbox 739 4804 850 4873; x_wconf 91' lang='lat' dir='ltr'><em>quidem</em></span> <span class='ocrx_word' id='word_1_338' title='bbox 872 4805 945 4858; x_wconf 85' lang='lat' dir='ltr'><em>inter</em></span> <span class='ocrx_word' id='word_1_339' title='bbox 962 4804 1161 4873; x_wconf 77' lang='lat' dir='ltr'><em>proprietatum</em></span> <span class='ocrx_word' id='word_1_340' title='bbox 1188 4803 1363 4857; x_wconf 83' lang='lat' dir='ltr'><em>collectiones</em></span> 
     </span>
    </p>

    <p class='ocr_par' dir='ltr' id='par_1_5' title="bbox 189 4868 1366 5227">
     <span class='ocr_line' id='line_1_41' title="bbox 189 4868 1362 4945; baseline 0.002 -18"><span class='ocrx_word' id='word_1_341' title='bbox 189 4868 207 4908; x_wconf 66' lang='lat'>³</span> <span class='ocrx_word' id='word_1_342' title='bbox 238 4875 272 4927; x_wconf 86' lang='lat' dir='ltr'><em>in</em></span> <span class='ocrx_word' id='word_1_343' title='bbox 289 4873 461 4942; x_wconf 80' lang='lat' dir='ltr'><em>praefatione</em></span> <span class='ocrx_word' id='word_1_344' title='bbox 479 4876 651 4945; x_wconf 81' lang='lat' dir='ltr'><em>signavimus,</em></span> <span class='ocrx_word' id='word_1_345' title='bbox 670 4881 701 4929; x_wconf 92' lang='lat' dir='ltr'><em>ut</em></span> <span class='ocrx_word' id='word_1_346' title='bbox 720 4880 760 4929; x_wconf 76' lang='lat' dir='ltr'><em>est</em></span> <span class='ocrx_word' id='word_1_347' title='bbox 777 4876 831 4929; x_wconf 87' lang='lat' dir='ltr'><em>hoe</em></span> <span class='ocrx_word' id='word_1_348' title='bbox 849 4875 883 4929; x_wconf 90' lang='lat' dir='ltr'><em>de</em></span> <span class='ocrx_word' id='word_1_349' title='bbox 902 4892 955 4943; x_wconf 91' lang='lat' dir='ltr'><em>quo</em></span> <span class='ocrx_word' id='word_1_350' title='bbox 971 4879 1207 4930; x_wconf 63' lang='lat' dir='ltr'><em>semoveantur.</em></span> <span class='ocrx_word' id='word_1_351' title='bbox 1261 4874 1289 4943; x_wconf 91' lang='grc'><em>8)</em></span> <span class='ocrx_word' id='word_1_352' title='bbox 1309 4874 1362 4929; x_wconf 82' lang='lat' dir='ltr'><em>Ed.</em></span> 
     </span>
     <span class='ocr_line' id='line_1_42' title="bbox 244 4946 1363 5014; baseline 0 -17"><span class='ocrx_word' id='word_1_353' title='bbox 244 4946 277 5000; x_wconf 77' lang='lat' dir='ltr'><em>G.</em></span> <span class='ocrx_word' id='word_1_354' title='bbox 292 4946 315 5000; x_wconf 91' lang='lat' dir='ltr'><em>I.</em></span> <span class='ocrx_word' id='word_1_355' title='bbox 329 4947 427 5012; x_wconf 77' lang='lat' dir='ltr'><em>Asooli,</em></span> <span class='ocrx_word' id='word_1_356' title='bbox 445 4948 484 4998; x_wconf 82' lang='lat' dir='ltr'><em>‘Il</em></span> <span class='ocrx_word' id='word_1_357' title='bbox 499 4949 584 5001; x_wconf 85' lang='lat' dir='ltr'><em>codioc</em></span> <span class='ocrx_word' id='word_1_358' title='bbox 598 4948 737 5000; x_wconf 82' lang='lat' dir='ltr'><em>Irlondese</em></span> <span class='ocrx_word' id='word_1_359' title='bbox 752 4948 814 5000; x_wconf 84' lang='lat' dir='ltr'><em>dcll&#39;</em></span> <span class='ocrx_word' id='word_1_360' title='bbox 826 4948 1017 4999; x_wconf 81' lang='lat' dir='ltr'><em>Ambrosiano’</em></span> <span class='ocrx_word' id='word_1_361' title='bbox 1029 4948 1182 5014; x_wconf 80' lang='lat' dir='ltr'><em>(‘Archinio</em></span> <span class='ocrx_word' id='word_1_362' title='bbox 1199 4946 1363 5012; x_wconf 72' lang='lat' dir='ltr'><em>plottolopioo</em></span> 
     </span>
     <span class='ocr_line' id='line_1_43' title="bbox 244 5016 1363 5086; baseline 0.001 -19"><span class='ocrx_word' id='word_1_363' title='bbox 244 5016 383 5082; x_wconf 82' lang='lat' dir='ltr'><em>Italiano’‚</em></span> <span class='ocrx_word' id='word_1_364' title='bbox 408 5019 509 5070; x_wconf 84' lang='lat' dir='ltr'><em>Itomae</em></span> <span class='ocrx_word' id='word_1_365' title='bbox 529 5022 605 5086; x_wconf 79' lang='grc'><strong>1878,</strong></span> <span class='ocrx_word' id='word_1_366' title='bbox 632 5020 680 5073; x_wconf 85' lang='lat' dir='ltr'><em>ool.</em></span> <span class='ocrx_word' id='word_1_367' title='bbox 706 5020 747 5086; x_wconf 79' lang='lat' dir='ltr'><em>V),</em></span> <span class='ocrx_word' id='word_1_368' title='bbox 784 5019 940 5070; x_wconf 87' lang='lat' dir='ltr'><em>Particulas</em></span> <span class='ocrx_word' id='word_1_369' title='bbox 965 5020 1139 5085; x_wconf 74' lang='lat' dir='ltr'><em>expositionis</em></span> <span class='ocrx_word' id='word_1_370' title='bbox 1159 5024 1221 5084; x_wconf 83' lang='lat' dir='ltr'><em>post</em></span> <span class='ocrx_word' id='word_1_371' title='bbox 1237 5016 1363 5068; x_wconf 85' lang='lat' dir='ltr'><em>Murato-</em></span> 
     </span>
     <span class='ocr_line' id='line_1_44' title="bbox 242 5086 1366 5156; baseline -0.002 -16"><span class='ocrx_word' id='word_1_372' title='bbox 242 5090 319 5156; x_wconf 82' lang='lat' dir='ltr'><em>rinm</em></span> <span class='ocrx_word' id='word_1_373' title='bbox 344 5088 560 5156; x_wconf 80' lang='lat' dir='ltr'><em>Vollarsinmqnc</em></span> <span class='ocrx_word' id='word_1_374' title='bbox 583 5088 695 5156; x_wconf 75' lang='lat' dir='ltr'><em>(Mipne,</em></span> <span class='ocrx_word' id='word_1_375' title='bbox 720 5090 879 5154; x_wconf 74' lang='lat' dir='ltr'><em>Patr-olopia</em></span> <span class='ocrx_word' id='word_1_376' title='bbox 904 5091 951 5144; x_wconf 84' lang='lat' dir='ltr'><em>let.</em></span> <span class='ocrx_word' id='word_1_377' title='bbox 970 5089 1079 5152; x_wconf 89' lang='lat' dir='ltr'><strong><em>XXVI,</em></strong></span> <span class='ocrx_word' id='word_1_378' title='bbox 1107 5090 1155 5142; x_wconf 88' lang='lat' dir='ltr'><em>col.</em></span> <span class='ocrx_word' id='word_1_379' title='bbox 1173 5090 1240 5153; x_wconf 84' lang='lat'><strong><em>863)</em></strong></span> <span class='ocrx_word' id='word_1_380' title='bbox 1264 5086 1366 5155; x_wconf 84' lang='lat' dir='ltr'><em>publici</em></span> 
     </span>
     <span class='ocr_line' id='line_1_45' title="bbox 245 5158 1364 5227; baseline 0 -17"><span class='ocrx_word' id='word_1_381' title='bbox 245 5161 316 5211; x_wconf 86' lang='lat' dir='ltr'><em>iuris</em></span> <span class='ocrx_word' id='word_1_382' title='bbox 334 5162 433 5224; x_wconf 77' lang='lat' dir='ltr'><em>fenerat</em></span> <span class='ocrx_word' id='word_1_383' title='bbox 450 5162 541 5227; x_wconf 86' lang='lat' dir='ltr'><em>Zeuss,</em></span> <span class='ocrx_word' id='word_1_384' title='bbox 562 5160 747 5211; x_wconf 78' lang='lat' dir='ltr'><em>Grammatico</em></span> <span class='ocrx_word' id='word_1_385' title='bbox 765 5162 855 5212; x_wconf 85' lang='lat' dir='ltr'><em>celtica</em></span> <span class='ocrx_word' id='word_1_386' title='bbox 873 5161 923 5225; x_wconf 88' lang='lat' dir='ltr'><em>(ed.</em></span> <span class='ocrx_word' id='word_1_387' title='bbox 943 5161 1010 5212; x_wconf 72' lang='lat' dir='ltr'><em>noel</em></span> <span class='ocrx_word' id='word_1_388' title='bbox 1028 5162 1095 5214; x_wconf 87' lang='grc'><strong>1871</strong></span> <span class='ocrx_word' id='word_1_389' title='bbox 1105 5158 1138 5224; x_wconf 81' lang='lat'><em>²),</em></span> <span class='ocrx_word' id='word_1_390' title='bbox 1164 5162 1194 5210; x_wconf 89' lang='lat' dir='ltr'><em>in</em></span> <span class='ocrx_word' id='word_1_391' title='bbox 1212 5159 1364 5225; x_wconf 81' lang='lat' dir='ltr'><em>Appendice</em></span> 
     </span>
    </p>

    <p class='ocr_par' dir='ltr' id='par_1_6' title="bbox 189 5220 1363 5368">
     <span class='ocr_line' id='line_1_46' title="bbox 189 5220 1363 5297; baseline -0.003 -12"><span class='ocrx_word' id='word_1_392' title='bbox 189 5220 222 5266; x_wconf 56' lang='grc' dir='ltr'><em>*ὅ</em></span> <span class='ocrx_word' id='word_1_393' title='bbox 241 5246 270 5297; x_wconf 81' lang='lat' dir='ltr'><em>p.</em></span> <span class='ocrx_word' id='word_1_394' title='bbox 284 5234 476 5297; x_wconf 79' lang='lat'>1043-1048,</span> <span class='ocrx_word' id='word_1_395' title='bbox 502 5247 560 5283; x_wconf 85' lang='lat' dir='ltr'><em>una</em></span> <span class='ocrx_word' id='word_1_396' title='bbox 584 5248 643 5283; x_wconf 90' lang='lat' dir='ltr'><em>cnm</em></span> <span class='ocrx_word' id='word_1_397' title='bbox 668 5232 781 5297; x_wconf 85' lang='lat' dir='ltr'><em>epistula</em></span> <span class='ocrx_word' id='word_1_398' title='bbox 799 5230 960 5296; x_wconf 77' lang='lat' dir='ltr'><em>Hieronymi</em></span> <span class='ocrx_word' id='word_1_399' title='bbox 976 5232 1013 5282; x_wconf 90' lang='lat' dir='ltr'><em>od</em></span> <span class='ocrx_word' id='word_1_400' title='bbox 1031 5230 1221 5296; x_wconf 85' lang='lat' dir='ltr'><em>Sophroninm,</em></span> <span class='ocrx_word' id='word_1_401' title='bbox 1248 5244 1314 5297; x_wconf 78' lang='lat' dir='ltr'><em>quae</em></span> <span class='ocrx_word' id='word_1_402' title='bbox 1332 5231 1363 5281; x_wconf 89' lang='lat' dir='ltr'><em>in</em></span> 
     </span>
     <span class='ocr_line' id='line_1_47' title="bbox 241 5300 798 5368; baseline 0.005 -15"><span class='ocrx_word' id='word_1_403' title='bbox 241 5303 336 5368; x_wconf 84' lang='lat' dir='ltr'><em>priore</em></span> <span class='ocrx_word' id='word_1_404' title='bbox 353 5302 449 5355; x_wconf 84' lang='lat' dir='ltr'><em>codicis</em></span> <span class='ocrx_word' id='word_1_405' title='bbox 463 5308 544 5368; x_wconf 86' lang='lat' dir='ltr'><em>parte</em></span> <span class='ocrx_word' id='word_1_406' title='bbox 562 5304 621 5368; x_wconf 78' lang='lat' dir='ltr'><em>(fol.</em></span> <span class='ocrx_word' id='word_1_407' title='bbox 635 5300 674 5363; x_wconf 81' lang='lat'><em>2⁴)</em></span> <span class='ocrx_word' id='word_1_408' title='bbox 693 5303 798 5367; x_wconf 63' lang='lat' dir='ltr'><em>uultur.</em></span> 
     </span>
    </p>
   </div>
   <div class='ocr_carea' id='block_1_4' title="bbox 0 0 1605 6800">
    <p class='ocr_par' dir='ltr' id='par_1_7' title="bbox 0 0 1605 6800">
     <span class='ocr_line' id='line_1_48' title="bbox 0 0 1605 6800; baseline 0 0"><span class='ocrx_word' id='word_1_409' title='bbox 0 0 1605 6800; x_wconf 95' lang='lat' dir='ltr'><em> </em></span> 
     </span>
    </p>
   </div>
  </div>
 </body>
</html>
