3184 6800
372 1323 496 1392 IONAS,
509 1324 632 1378 VITAE}
651 1323 881 1378 COLUMBANI
899 1323 1008 1378 LIBRI
1025 1325 1065 1380 II.
1260 1330 1278 1383 5

148 1505 271 1586 quique
310 1507 432 1572 sciuros
476 1527 515 1571 eu
553 1505 665 1570 arduis
704 1508 854 1570 arborum
892 1506 1082 1571 culminibus
1120 1528 1277 1573 arcessere

145 1594 300 1676 potuerit,
324 1617 402 1677 quos
424 1595 501 1660 collo
524 1595 702 1676 imponebat
724 1600 780 1658 out
801 1594 877 1659 sinn
899 1594 1071 1678 recipiebat
1081 1597 1101 1659 ¹.

273 1684 347 1749 Vita
375 1683 525 1748 solitaria
549 1684 723 1748 Scottorum
747 1683 879 1764 piorum
908 1684 963 1749 ubi
993 1684 1029 1748 in
1058 1684 1180 1749 uicinia
1204 1707 1276 1766 per-

153 1772 308 1853 crebruit,
347 1775 458 1854 oulqns
495 1771 635 1853 undique
668 1793 703 1836 eo
737 1774 897 1850 confluere
931 1773 1029 1854 coepit
1063 1780 1091 1837 et
1125 1773 1277 1856 inprimis

117 1860 245 1942 saeqri
279 1861 464 1943 infirmique
498 1863 534 1926 ob
569 1860 738 1925 sanitatem
766 1864 1017 1942 recuperandam
1049 1861 1277 1927 Columbanum

151 1950 409 2031 frequentabant,
440 1950 496 2031 qui
526 1949 723 2014 orationibus
752 1949 820 2014 suuis
847 1971 953 2014 omnes
975 1971 1103 2016 curasse
1126 1951 1274 2016 dicitnr2.

157 2037 299 2120 Cumque
321 2039 416 2103 ctiam
437 2038 662 2105 monachorum
685 2037 816 2103 societas
838 2038 874 2102 in
897 2038 980 2103 diem
1003 2046 1151 2104 cresceret
1174 2040 1275 2104 multi·

153 2126 355 2209 tudiucmqne
370 2128 455 2193 locus
469 2128 538 2207 fere
550 2148 662 2210 capere
677 2126 829 2208 nequiret,
846 2134 975 2192 sanctus
990 2130 1034 2192 ad
1047 2128 1275 2193 monasterium

152 2218 398 2281 construendum
421 2215 622 2281 Lucterium-⁵³
645 2222 782 2280 castrum
806 2215 898 2297 clepit
920 2215 1008 2281 circa
1031 2223 1095 2281 octo
1117 2217 1210 2281 milia
1233 2219 1273 2282 ab

106 2331 135 2369 11
152 2305 323 2387 Anaqrate
352 2305 486 2385 distans,
518 2305 633 2369 *locum
655 2303 773 2370 scilicet
802 2304 1063 2386 opportuniorem,
1093 2306 1148 2371 ubi
1171 2326 1273 2386 aquae
1293 2328 1329 2369 ·.

152 2393 279 2459 euticiae
308 2395 392 2460 cultu
420 2392 536 2458 eximio
570 2399 765 2457 constructae
799 2395 956 2473 extabant,
991 2415 1072 2474 quae
1104 2416 1201 2476 usque
1235 2395 1272 2460 in

152 2482 341 2548 hodiernum
376 2482 458 2546 diem
491 2483 745 2563 frequentantur.
802 2479 927 2546 Nouum
964 2483 1191 2547 monasterium
1224 2484 1272 2549 oel

151 2571 307 2636 nobilium
330 2571 430 2652 liberi,
462 2570 643 2652 contemptis
664 2570 837 2636 bonoribus
859 2592 1036 2655 pompaque
1058 2572 1185 2652 saeculi,
1215 2595 1271 2637 un-

151 2659 247 2740 dique
270 2662 427 2741 petebant,
458 2666 624 2741 tantusque
645 2659 750 2738 factus
773 2666 819 2724 est
840 2659 1067 2741 disciqmlorum
1091 2681 1270 2740 concursus,

105 2772 133 2812 11
151 2748 208 2829 qui
238 2748 337 2813 cultui
365 2748 531 2830 reliqionis
559 2769 592 2812 se
621 2749 732 2813 dedere
761 2748 994 2828 desiderabant,
1024 2754 1059 2811 ut
1079 2770 1179 2812 unum
1210 2770 1270 2812 mo·

150 2837 326 2902 naolcorum
350 2837 512 2918 colleqium
530 2836 597 2902 iam
615 2835 746 2901 minime
761 2837 931 2917 sufficeret.
975 2839 1081 2918 Quare
1097 2839 1160 2902 loco
1177 2837 1270 2918 aquis

150 2925 277 3007 irriquo
293 2926 506 2992 Columbanus
521 2927 655 2992 alterum
671 2925 847 2991 construxit
861 2925 1088 2990 monasterium
1100 2927 1270 2991 Fontanus

149 3014 279 3080 nomine
296 3035 369 3078 mou
385 3017 463 3080 adeo
481 3015 605 3096 celebre,
628 3021 663 3080 ut
681 3035 741 3096 per
761 3021 802 3078 60
823 3014 966 3094 fratres4
988 3014 1062 3096 aqri
1084 3016 1269 3080 colerentur.

157 3103 331 3185 Utrumque
353 3125 422 3168 cum
444 3103 511 3169 iam
533 3125 618 3168 unus
638 3106 818 3185 quberuare
836 3103 989 3184 nequiret,
1007 3103 1206 3186 praepositos
1222 3105 1270 3168 in·

97 3216 131 3259 20
148 3191 254 3256 stituit
297 3191 449 3274 rcliqioue
495 3192 693 3274 conspicuos,·
737 3192 805 3275 ipse
850 3199 955 3257 autem
995 3192 1271 3259 administrationi

148 3301 316 3362 supremae
329 3280 529 3362 inoiqilabot,
545 3282 636 3344 modo
647 3281 699 3346 ute
713 3283 803 3346 modo
819 3281 886 3346 illic
901 3288 1052 3362 uersatus,
1069 3283 1270 3363 repulamque

149 3371 196 3435 ad
217 3369 422 3452 disciplinam
443 3369 667 3436 stabiliendam
690 3369 840 3447 condidit,
865 3391 945 3452 quae
968 3370 1071 3436 adbuc
1094 3371 1208 3435 entat5.

260 3454 358 3524 Scotti
390 3459 441 3524 illi
470 3458 611 3541 piscatui
644 3459 834 3525 insistebant
866 3460 903 3524 in
936 3460 1048 3538 fluviis
1080 3460 1220 3541 rivisque
1254 3482 1270 3525 e

158 3549 283 3630 Vosaqo
298 3548 537 3613 decurrentibus
547 3548 696 3630 Mosella,
712 3548 851 3630 Brusca,
864 3548 1019 3630 Liquoue,
1036 3571 1133 3630 neque
1150 3549 1269 3613 Colum-

97 3660 131 3700 25
150 3640 255 3703 banus
277 3656 413 3701 eremum
435 3636 526 3702 sol'to
547 3658 633 3701 more
656 3643 685 3702 et
706 3658 944 3718 nonnumquam
965 3658 1029 3721 per
1052 3644 1093 3701 50
1118 3638 1185 3702 dies
1207 3638 1269 3717 fre·

149 3732 309 3809 quentans
323 3731 444 3791 tenuem
458 3724 573 3792 uictum
589 3725 734 3808 piscibus
750 3726 857 3807 aliquo
875 3728 965 3790 modo
984 3726 1112 3791 condire
1128 3733 1270 3808 praeter·

148 3814 301 3895 mittebat,
334 3814 496 3880 occasione
518 3816 626 3879 data⁶.
679 3814 757 3880 (lum
786 3820 891 3879 autem
919 3814 1024 3881 maior
1046 3816 1270 3880 monocborum

150 3924 304 3969 numerus
325 3902 362 3967 in
384 3903 475 3969 siluis
497 3902 582 3968 auiis
604 3903 776 3968 sustentari
798 3903 950 3985 nequiret,
981 3904 1080 3968 solum
1106 3904 1269 3986 incultum,

151 3991 254 4058 caesis
275 3992 451 4073 arboribus,
482 4014 503 4057 a
525 3991 689 4057 radicibus
711 3992 930 4074 lapidibusque
947 3995 1156 4076 purqandum
1178 3999 1271 4074 atque

98 4105 132 4170 so
150 4080 369 4163 apricnllurae
402 4082 578 4165 aptandum
613 4087 690 4146 erut.
754 4082 894 4162 Quercus
926 4088 1078 4162 uetustas,
1117 4081 1271 4145 immissis

151 4169 261 4235 cuneis
283 4169 504 4252 arietibusque,
534 4170 655 4249 fratres
677 4168 714 4234 in
737 4171 821 4234 saltn
842 4191 962 4251 maqua
983 4169 1017 4233 ui
1034 4170 1269 4251 partiebantur,

149 4258 200 4323 ita
221 4264 258 4322 ut
278 4258 477 4324 mirarentur
499 4261 660 4324 adstantes
671 4259 691 4323 ⁷.
738 4259 873 4338 Munus,
903 4280 943 4323 ue
972 4259 1052 4322 duro
1081 4260 1187 4323 labore
1210 4258 1271 4323 lae-

151 4349 317 4428 derentur,
362 4347 575 4413 Columbanus
619 4347 803 4430 tequmeutis
841 4348 1013 4429 operiebat,
1058 4369 1139 4429 quae
1181 4347 1272 4413 Galli

150 4441 275 4501 wantos
297 4437 470 4518 uocabant,·
502 4438 714 4502 calceamenta
744 4443 848 4501 autem
878 4458 894 4501 e
924 4436 1009 4502 corio
1038 4438 1127 4516 facta
1149 4438 1273 4517 ferebat

98 4547 133 4589 ss
151 4524 300 4591 ceruino⁴
323 4524 457 4606 alioque.
507 4526 640 4590 Terram
663 4525 784 4604 fratres
806 4527 933 4590 sarculo
955 4526 1135 4591 excolebant
1154 4527 1272 4608 plebes·

149 4635 211 4696 que
233 4634 349 4696 acapna
372 4614 478 4679 labore
500 4614 694 4695 scindebant,
728 4619 764 4678 ut
793 4635 875 4679 arua
898 4614 1012 4679 semini
1040 4615 1150 4694 futuro
1178 4635 1272 4696 prae·

143 4708 307 4785 pararent
315 4704 337 4765 ⁴.
384 4702 470 4784 Aqui
498 4701 707 4782 frumentarii
736 4723 813 4784 quos
836 4724 936 4785 prope
965 4704 1160 4768 monasteria
1182 4703 1272 4768 insti·

151 4792 282 4856 luebant
309 4790 455 4873 saepibus
483 4790 601 4857 muniti
630 4797 659 4856 et
683 4792 821 4871 fortusse
844 4792 961 4874 paucis
983 4792 1102 4857 casellis
1123 4792 1273 4856 instructi

150 4901 173 4944 a
198 4879 285 4945 Iona
307 4879 449 4946 culmina
467 4881 678 4963 appellantur,
701 4880 805 4962 iisque
826 4881 875 4945 uel
897 4881 1029 4946 nomina
1052 4881 1157 4945 indita
1181 4887 1273 4945 erunt

95 4992 132 5032 ιο
149 4967 235 5034 talia
268 4968 382 5050 qualia
413 4968 609 5034 Bauiaritia
620 4970 640 5050 ⁷,
675 4969 1001 5053 Fredemunqiacas4.
1054 4971 1111 5034 Aa
1143 4975 1273 5051 seqetem

147 5058 329 5123 metendam
358 5058 478 5137 fratres
506 5057 571 5139 ipsi
600 5060 677 5123 duce
705 5057 898 5123 Columbano
930 5080 962 5123 se
996 5079 1030 5123 eo
1060 5058 1272 5139 conferebant,

149 5233 178 5299 1)
199 5230 230 5287 V.
251 5230 367 5287 atoma
386 5232 411 5297 1,
431 5234 472 5286 17.
544 5232 572 5301 u)
598 5232 726 5297 1111.
799 5232 826 5301 3)
852 5232 937 5297 rur,
958 5234 1000 5287 10.
1071 5232 1100 5301 4)
1125 5232 1274 5299 11111.

145 5303 178 5374 5)
199 5302 230 5357 r.
250 5303 339 5366 iufra.
412 5303 440 5369 e)
461 5302 491 5357 r.
512 5302 627 5358 alumi.
646 5304 671 5368 I,
692 5305 734 5358 11.
808 5303 935 5370 ntur,
955 5306 998 5357 15.
