3184 6800
458 1330 583 1400 10NAS,
594 1330 718 1386 VITAE
737 1330 966 1386 GOLUMBANI
983 1330 1093 1387 LIBRI
1110 1331 1152 1389 ΙΙ.
1330 1337 1365 1389 27

352 1513 497 1578 'Beatus
520 1513 753 1599 Hyetouimus
782 1514 952 1591 adfirmat,
983 1515 1095 1598 ipsum
1127 1535 1273 1592 cursum,
1305 1517 1365 1598 qui
1384 1539 1457 1588 aar.

241 1603 374 1666 dicitur
410 1607 591 1687 praesente
629 1607 784 1686 tempore
820 1602 1030 1675 Scottorum,
1067 1604 1191 1667 beatus
1225 1604 1364 1668 Marcus

242 1691 454 1755 decantavit.
485 1725 529 1735 -
552 1725 595 1734 -
627 1686 810 1768 (Patricius
839 1713 860 1754 a
890 1690 982 1773 Lupo
1012 1696 1042 1755 et
1068 1690 1231 1756 Germano
1261 1692 1365 1756 arcbi·

241 1778 406 1860 episcopus
427 1778 464 1842 in
488 1778 616 1843 Scottiis
638 1799 677 1844 uc
698 1778 890 1844 Britanniis
909 1778 1051 1862 positus)
1082 1781 1195 1863 ipsum
1226 1801 1363 1845 cursum

208 1868 374 1933 sibidem
409 1868 607 1932 decantavit
643 1872 679 1932 et
716 1872 795 1952 post
833 1869 944 1951 ipsum
986 1869 1108 1933 beatus
1137 1869 1364 1935 Wandilocus

241 1977 347 2022 senex
377 1961 413 2020 et
442 1957 565 2021 beatus
593 1955 820 2041 Gomogillus‚
856 1958 915 2040 qui
949 1958 1149 2021 habuerunt
1178 1958 1215 2021 in
1245 1979 1362 2023 eorum

240 2046 453 2111 monasterio
476 2047 665 2110 monachus
690 2046 835 2110 cerciter
857 2050 933 2110 trea
961 2045 1068 2109 milia.
1121 2046 1209 2111 Inde
1240 2048 1363 2111 beatus

242 2133 471 2198 Wandilocus
494 2135 530 2197 in
554 2134 801 2218 predicationis
824 2134 1054 2198 ministerium
1078 2156 1099 2198 a
1122 2136 1225 2200 beato
1242 2134 1364 2200 Gomo-

242 2223 329 2308 gillo
345 2223 469 2287 missus
485 2227 539 2288 est
554 2226 590 2288 et
605 2223 728 2287 beatus
745 2222 980 2287 columbanus
997 2224 1153 2306 partibus
1170 2223 1363 2288 Galliarum

194 2333 223 2372 10
242 2312 403 2375 distincti
427 2314 509 2375 sunt
532 2311 740 2394 Luxogilum
765 2312 1012 2375 monasterium
1037 2317 1072 2376 et
1095 2313 1224 2377 ibidem
1248 2313 1362 2396 ipsum

242 2420 383 2465 cursum
406 2401 689 2476 decantaverunt,
715 2403 751 2464 et
769 2400 851 2464 inde
867 2403 987 2484 postea
1003 2401 1200 2484 percrebuit
1214 2403 1363 2466 formam

242 2488 441 2553 sanctitatis
480 2509 598 2554 eorum
636 2509 699 2573 per
736 2489 934 2553 universum
969 2490 1084 2553 orbem
1121 2494 1291 2554 terrarum
1327 2494 1363 2554 et

240 2578 356 2641 multa
385 2578 533 2642 conubia
562 2599 603 2642 ex
638 2597 754 2642 eorum
787 2577 946 2642 doctrina
975 2581 1047 2641 tam
1078 2579 1229 2642 virorum
1258 2600 1362 2662 quam

241 2665 440 2750 puellarum
471 2670 554 2730 sunt
588 2669 808 2750 congregata.
866 2667 911 2729 Et
945 2669 1066 2750 postea
1099 2668 1180 2731 inde
1215 2668 1362 2751 sumpsit

190 2781 222 2821 is
241 2755 420 2820 exordium
467 2755 530 2818 sub
570 2755 672 2820 beato
712 2754 942 2832 Columbano,
989 2756 1081 2838 quod
1119 2758 1200 2820 aute
1239 2756 1361 2819 beatus

240 2843 381 2908 Marcus
405 2844 621 2928 euangelista
644 2845 853 2908 decantavit.

350 2931 439 2996 Erat
458 2930 593 3012 episcopi
615 2932 662 2996 uel
691 2931 872 3012 sacerdotis,
902 2931 926 2994 i.
950 2953 975 2996 e.
1002 2930 1187 3013 presbyteri,
1219 2930 1271 2996 cui
1300 2931 1361 2996 boc

241 3017 281 3084 in
302 3038 339 3084 re
354 3040 470 3100 parem
492 3019 709 3085 auctoritatem
731 3018 943 3085 Columbanus
958 3019 1154 3100 attribuerat,
1167 3026 1361 3100 peccatorem

234 3107 440 3190 poenitentia
468 3108 617 3190 inposita
647 3108 793 3174 cocleam
822 3107 1038 3175 reconciliare.
1072 3109 1232 3189 ¹Munere
1260 3108 1361 3190 ipitur

191 3220 222 3260 ao
240 3198 437 3279 funpebatur
470 3196 583 3261 medici
616 3196 813 3278 spiritualis,
846 3197 1045 3279 diuersasque
1074 3197 1196 3261 morbos
1225 3196 1361 3262 diuersis

240 3284 419 3351 nudicinoe
440 3285 608 3366 peceribus
630 3305 757 3366 curans,
781 3306 862 3365 arras
884 3285 1014 3367 quisque
1037 3286 1234 3351 commiserat
1260 3285 1361 3367 culpis

241 3373 380 3441 direras
402 3373 546 3440 dioneos
575 3374 744 3440 adhibebat
766 3373 993 3456 poenitentias.
1048 3374 1086 3440 Si
1115 3374 1229 3441 delicta
1251 3395 1360 3458 parra

240 3464 291 3528 uel
319 3462 456 3527 minimo
484 3469 585 3542 erant,
609 3484 730 3546 porum
760 3463 925 3543 referebat,
956 3466 1105 3545 quomodo
1135 3463 1361 3546 erptiarentum

238 3551 396 3635 pruvino
418 3557 522 3616 autem
544 3558 580 3615 ut
602 3552 742 3633 perfecte
765 3558 794 3616 et
816 3559 1074 3634 capnoscercntur
1096 3559 1126 3617 ct
1154 3559 1358 3634 sanarentur,

189 3648 221 3703 'ss
240 3642 290 3706 vel
306 3639 438 3721 publicu
461 3640 607 3705 secunao
629 3641 717 3705 salus
734 3641 927 3722 postulabat.
974 3641 1066 3705 Haec
1095 3662 1152 3706 ars
1180 3648 1216 3705 ut
1239 3662 1359 3723 parum

241 3727 417 3795 communis
439 3736 517 3810 erat,
541 3729 588 3793 ita
612 3728 805 3794 Columbano
827 3730 1009 3794 necessaria
1031 3730 1102 3793 aisa
1125 3736 1170 3794 est
1192 3731 1237 3793 ad
1257 3750 1360 3794 mores

240 3818 405 3882 bominum
430 3818 662 3897 reformandos,
693 3838 822 3899 cumane
851 3824 926 3883 ante
955 3840 1025 3882 eum
1053 3824 1171 3884 statuta
1194 3818 1359 3899 paeniten-

242 3906 337 3972 tialio
370 3906 408 3971 in
442 3905 554 3972 Gallia
587 3907 678 3971 nulla
711 3906 883 3987 extiterint,
912 3906 981 3988 ipse
1008 3907 1136 3989 primm
1167 3929 1206 3972 ea
1239 3907 1357 3987 intulit,

238 3994 431 4060 traditiones
445 3994 605 4059 seniorum
619 4015 749 4059 suorum
763 4003 895 4060 secutus.
931 3995 1052 4077 Apitur
1066 4002 1170 4060 unum
1184 3996 1359 4060 marimum

201 4100 226 4142 n
237 4090 364 4165 partem
386 4084 423 4148 de
446 4082 634 4148 criminibus
663 4084 861 4165 capitalibus,
892 4106 973 4166 quae
1002 4085 1050 4148 ael
1072 4104 1211 4164 poenam
1241 4084 1359 4164 lepibus

241 4178 386 4238 sanctam
408 4171 564 4237 subibant.
611 4172 845 4237 Paenitentiale
869 4171 1055 4237 Columbani
1077 4171 1115 4235 in
1137 4170 1231 4236 binas
1247 4177 1360 4253 partes

238 4260 379 4328 diuisum
402 4260 586 4325 clericorum
609 4262 893 4342 monachorumque
912 4259 1132 4343 paenitentias
1154 4282 1176 4325 u
1204 4260 1359 4325 laicorum

236 4349 410 4415 distinctos
443 4349 579 4431 eubibet,
619 4370 717 4431 neque
750 4353 855 4415 eodem
888 4351 979 4414 niodo
1014 4348 1052 4414 in
1085 4355 1215 4429 utroque
1247 4370 1360 4431 ponere

235 4456 385 4504 encmsus
407 4437 656 4503 vindicabantur
675 4438 850 4521 proniores,
875 4444 987 4520 utputa
1009 4437 1191 4519 homicidia,
1215 4438 1358 4520 uulnera,

189 4531 211 4574 ’ὅ
231 4526 399 4608 sodomia,
439 4525 645 4607 adtrlterium,
691 4526 880 4608 fornicatio,
920 4526 1119 4609 periurium,
1158 4526 1358 4609 maleficium,

195 4614 198 4618 ’
228 4616 373 4696 furtum,
398 4617 454 4680 sed
474 4613 525 4679 illi
547 4614 732 4681 seueriorem
755 4614 990 4697 paenitentiam
1012 4615 1162 4680 subibant
1190 4635 1285 4696 quom
1314 4615 1358 4679 bi.

228 4702 408 4773 ..Adulteris
446 4702 577 4769 clericus
610 4724 729 4785 quoque
763 4704 1045 4784 adnumerabatur,
1084 4704 1138 4784 qui
1174 4704 1358 4783 clientelam,

228 4792 260 4857 i.
285 4813 311 4856 e.
336 4811 476 4873 ruerem,
500 4812 596 4872 quum
619 4791 721 4857 laicus
744 4793 908 4873 babuerat,
933 4798 1007 4873 post
1030 4792 1262 4857 conversionem
1290 4798 1360 4855 uoto

225 4887 296 4945 ‘suo
334 4878 430 4944 irrito
466 4880 552 4961 facto
591 4883 790 4962 capnoscebat
827 4880 991 4962 filiumque
1028 4901 1067 4944 erc
1104 4902 1141 4944 eu
1177 4880 1357 4962 pipnebotl.

189 4988 193 5013 ·
229 4968 349 5035 -Gulue
378 4975 544 5050 utrumque
573 4969 716 5034 ordinem
746 4991 843 5051 aeque
872 4970 1011 5034 deditum
1040 4968 1142 5048 fuisse
1170 4974 1199 5033 et
1227 4967 1360 5033 clericus

231 5160 346 5225 ouem
362 5121 400 5211 'u
421 5160 539 5215 aazia„
565 5160 663 5213 uam
686 5177 744 5212 um
770 5162 854 5213 euru
867 5148 1050 5212 'tuoruum
1068 5159 1358 5226 annuemus,
1378 5166 1381 5173 ·

235 5230 323 5283 oderi
339 5246 405 5286 suec.
423 5231 503 5285 VIII.
519 5234 600 5298 parti
617 5233 786 5284 attribuendo
803 5234 912 5284 contulit
933 5231 973 5285 W.
994 5231 1123 5297 Larisam
1147 5231 1182 5294 cf.
1204 5231 1247 5284 ‘N.
1266 5230 1359 5291 Arcb?

235 5299 348 5369 XXIX,
363 5320 392 5370 p.
406 5303 467 5357 150.
541 5301 566 5370 1)
590 5303 619 5357 V.
638 5319 723 5368 supro
738 5319 768 5368 p.
783 5307 826 5358 10.
1348 5306 1350 5311 '
