3184 6800
456 1009 581 1078 ΙΟΝΔΒ,
594 1009 716 1067 VITAE
733 1009 964 1073 oouUMBAM
979 1010 1091 1067 LIBRI
1107 1011 1148 1070 IL
1325 1019 1362 1075 88

199 1193 395 1273 tulerunt,
433 1197 470 1258 ut
507 1192 760 1257 demonstrarent
796 1192 916 1257 Sauos
951 1191 1157 1258 Brettenilus
1193 1214 1259 1260 non
1295 1216 1361 1261 esse

197 1280 395 1361 meliores,
418 1278 533 1362 qmppe
555 1278 612 1361 qui
632 1278 759 1361 utrique
780 1279 874 1345 iuxta
902 1300 1020 1345 marem
1047 1280 1241 1348 uniuersalis
1269 1283 1360 1349 eccle·

211 1370 301 1436 siae
327 1389 398 1434 non
418 1367 670 1451 inpredereutur.

345 1474 435 1539 Erat
478 1480 582 1539 anum
625 1473 838 1540 Galumlauus
881 1474 972 1538 lamo
1011 1475 1173 1541 ueltemass
1208 1475 1361 1559 ferosque

189 1570 361 1630 suasura
394 1583 493 1645 neque
526 1581 622 1644 maen
643 1561 771 1643 passim
793 1562 1006 1644 praedicabat
1031 1563 1204 1630 humilitati
1234 1565 1360 1648 loupisis

227 1651 421 1732 insistebat,
455 1651 485 1716 si
514 1650 587 1732 aare
614 1649 717 1732 ipsius
743 1650 889 1732 opinioni
917 1671 983 1716 non
1011 1652 1230 1734 amucemsset,
1264 1652 1363 1719 ienmo

232 1740 373 1806 summes
387 1738 597 1822 peremtas
617 1739 666 1804 uel
681 1759 797 1820 papae,
821 1738 881 1804 etei
902 1739 971 1804 eius
992 1760 1171 1822 supremus
1192 1741 1231 1806 iu
1253 1742 1361 1807 causis

235 1827 461 1895 ecclesiastices
488 1826 644 1893 iudicimn
671 1827 740 1908 ipse
768 1826 906 1910 apnoait,
935 1827 1166 1910 imperterritus
1193 1830 1361 1896 nsunbas

234 1917 404 1999 verbisque
425 1937 490 1982 nau
511 1915 662 1997 parcebat
681 1915 824 1996 iustoque
844 1915 916 1980 iure
938 1916 1119 1981 aduersarii
1140 1918 1307 1999 superbam
1321 1917 1360 1984 in

200 2031 221 2070 s
235 2005 305 2088 ipso
328 2004 490 2070 enitendi
505 2003 819 2086 praesumptiosuml
841 2003 1048 2082 offendebant.
1088 2005 1238 2071 &morse
1255 2013 1360 2072 auten

235 2093 386 2159 Hertelio
406 2099 549 2158 mouente
570 2093 717 2158 udatur
738 2091 868 2175 triplici,
892 2092 1010 2158 scilicet
1030 2093 1137 2159 uiuida
1151 2094 1190 2160 in
1204 2094 1357 2177 maelis,

230 2183 290 2264 pio
312 2181 352 2246 in
368 2180 595 2263 paraeneticis,
618 2180 700 2246 sicco
721 2180 759 2246 iu
776 2180 954 2246 suaeuis
972 2181 1119 2264 ‘tenitas
1154 2183 1200 2247 In
1216 2183 1360 2264 sputatus
1376 2199 1410 2244 ⁸.
1443 2230 1450 2246 .

237 2269 429 2352 exquisitius
451 2268 579 2336 dicendi
598 2290 699 2351 penus
720 2269 847 2350 colebat,
871 2269 1008 2351 arputiis
1029 2270 1248 2353 senonense
1271 2292 1358 2354 pere

234 2359 345 2442 priuis
367 2357 529 2440 munides,
552 2357 601 2422 ita
621 2363 658 2422 ut
679 2364 709 2422 et
728 2357 854 2440 praecis
875 2357 990 2423 litteris
1012 2365 1042 2422 et
1062 2358 1222 2425 hebraicus
1250 2360 1358 2426 doctus

193 2473 220 2513 ss
238 2449 428 2528 crederetur,
463 2446 619 2529 datisque
651 2446 773 2525 florida
807 2446 939 2528 speciem
966 2447 1099 2527 praebet
1125 2467 1247 2528 parum
1279 2468 1357 2513 cmu-

237 2557 375 2617 nusneru,
398 2557 439 2600 ne
461 2534 566 2600 anam
587 2534 775 2600 mirabilem.
820 2534 1026 2600 Carminibus
1044 2535 1188 2617 Vespilii,
1211 2536 1356 2616 Horatii,

242 2623 355 2690 Ouidii
387 2623 436 2688 ita
463 2623 636 2704 studuerat,
670 2629 707 2688 ut
734 2644 773 2688 ea
802 2623 891 2689 land
923 2622 1032 2688 timide
1056 2623 1184 2704 passim
1216 2623 1357 2706 eapilare

231 2719 348 2795 posset.
414 2712 469 2777 Ea
507 2711 600 2777 liliis
636 2718 800 2776 auctam
837 2711 1041 2777 classicorum
1077 2712 1198 2777 latinae
1233 2712 1358 2778 litterae

240 2802 365 2866 Section
397 2799 555 2866 didicerat
586 2820 622 2866 eo
658 2800 786 2881 melius,
825 2819 886 2881 quo
922 2800 1031 2865 miuus
1059 2800 1167 2883 patrii
1202 2801 1358 2867 samonis

191 2915 221 2954 ss
238 2889 405 2970 affinitate
427 2891 472 2954 ad
492 2888 687 2954 soloecismos
708 2888 920 2969 induceretur,
944 2889 1117 2971 scholisque
1138 2888 1241 2971 ipsius
1259 2889 1358 2973 pueri

237 2977 466 3060 francopallici
499 2998 564 3042 nau
597 2978 697 3041 solum
730 2979 776 3042 ad
803 2977 1052 3060 paenitentiam,
1090 2979 1147 3042 sed
1182 2978 1278 3043 etiam
1313 2981 1359 3044 ad

230 3066 400 3150 puriorem
422 3065 612 3131 latinitatem
634 3065 766 3131 educari
788 3071 947 3147 poterant.
998 3066 1051 3131 De
1079 3067 1285 3133 emendandis
1313 3089 1357 3134 ea·

238 3155 353 3220 etesiae
373 3154 564 3220 Gallicanae
585 3153 725 3219 mnibus
747 3153 905 3235 corruptis
927 3160 1019 3236 atone
1041 3156 1080 3219 de
1100 3155 1272 3221 Germanis
1293 3158 1358 3236 fide

239 3242 421 3308 christiana
449 3243 627 3308 imbuendis
649 3242 762 3324 optineo
790 3242 921 3307 meritas
949 3249 1003 3307 est.
1055 3244 1107 3308 Eo
1135 3247 1219 3325 qnod
1241 3245 1357 3310 Scottis

191 3355 220 3398 ss
237 3331 373 3397 insitum
409 3337 455 3395 est
483 3330 740 3413 pereprinandi²
772 3330 877 3395 studio
914 3338 1002 3396 actas
1039 3332 1206 3397 consilium
1243 3334 1357 3415 duplea

239 3426 373 3503 ceperat,
396 3427 432 3485 ut
446 3420 555 3503 primo
583 3420 694 3485 Gallos
716 3420 909 3486 christianos
933 3427 1103 3503 temptaret,
1131 3444 1208 3487 uum
1231 3422 1356 3487 lumili-

237 3509 299 3574 tati
321 3508 606 3591 ›paendentiaeqne
637 3515 794 3591 paterent,
833 3508 864 3572 si
896 3509 1011 3590 minus,
1047 3517 1154 3592 pentes
1190 3510 1356 3592 oieinas³,·

237 3600 365 3663 easdem
386 3599 534 3679 eapnlsns
555 3618 572 3661 e
598 3597 788 3663 Theudorici
810 3618 907 3680 repno
929 3597 1079 3679 uisitauit,
1102 3598 1184 3665 sieut
1205 3600 1272 3682 ipse
1294 3600 1357 3665 sibi

230 3687 475 3769 preposuerat,
503 3688 627 3751 eosdem
655 3692 691 3750 ut
718 3685 887 3751 visitarent
919 3708 1125 3768 successores,
1153 3695 1356 3771 praeceptum

192 3798 221 3850 ss
238 3774 370 3856 reliquit
389 3774 534 3839 ultimum
544 3774 564 3839 ⁵.
604 3775 719 3855 Itaque
742 3776 970 3840 concedendum
992 3781 1045 3855 est,
1062 3796 1132 3839 eum
1147 3779 1192 3841 ad
1206 3798 1356 3858 papanos

238 3865 461 3928 convertendos
483 3886 504 3927 o
528 3862 643 3945 patria
664 3862 795 3927 minime
825 3863 934 3943 exisse,
965 3864 1021 3927 sed
1041 3870 1153 3944 postea
1181 3864 1218 3928 in
1241 3884 1355 3946 propo-

237 3951 335 4016 situm
357 3951 440 4016 illud
458 3951 641 4032 dedicasse,
657 3971 756 4033 neque
770 3972 844 4016 aero
860 3957 1030 4033 propterea
1044 3952 1143 4016 locum
1159 3952 1356 4034 prirrmrium

237 4040 325 4105 inter
340 4039 580 4121 praedicatores
599 4040 740 4122 centium
764 4042 899 4121 perdere
920 4039 1002 4104 mili
1031 4039 1163 4105 uidetur.
1216 4040 1356 4107 Iustiore

238 4131 277 4194 de
300 4150 400 4194 eausa
427 4127 465 4193 id
491 4128 568 4193 vitio
597 4128 662 4209 ipsi
690 4128 833 4209 vertitur,
864 4129 948 4209 quod
975 4129 1100 4210 incepto
1129 4151 1189 4194 sua
1211 4150 1355 4213 persecu·
1435 4174 1462 4200 „s

192 4241 219 4283 ss
238 4224 331 4282 turus
354 4238 475 4298 parum
498 4215 699 4298 praestiterit
726 4216 955 4282 constantiae⁶.
1008 4218 1213 4284 Monasterio
1241 4225 1354 4300 autem,
1446 4219 1450 4223 ’

237 4326 373 4388 auorum
406 4305 473 4387 ipse
501 4305 550 4370 cel
578 4304 727 4387 discipuli
756 4307 825 4370 eins
853 4305 1064 4383 fnndarnenta
1093 4306 1241 4388 iecerant,
1272 4307 1356 4373 lunc

237 4416 330 4477 quern
367 4394 517 4459 memus
553 4394 727 4462 humanum
765 4394 882 4459 cultum
919 4393 1100 4475 ciuilemque
1130 4415 1193 4477 per
1229 4396 1356 4476 lanpum

237 4491 359 4565 tempus
380 4483 462 4563 fere
477 4483 546 4548 sola
575 4502 775 4547 conservasse
797 4481 995 4564 posterisque
1025 4482 1196 4547 tradidisse
1225 4488 1354 4562 constat,

239 4697 267 4761 1)
290 4693 357 4762 ΜΘ.
375 4693 429 4761 Ilp.
447 4692 505 4759 ΙΙΙ,
519 4693 578 4747 162.
672 4693 700 4759 2)
722 4690 765 4755 Of.
782 4691 813 4744 V.
832 4690 861 4745 S.
881 4690 959 4741 Galli·
974 4696 1043 4744 auct.
1061 4690 1233 4757 Walatsfrsda
1251 4696 1290 4761 II,
1303 4698 1353 4752 46:

189 4780 219 4821 so
237 4765 275 4820 de
292 4763 404 4818 natione
421 4761 589 4830 Scottorum,
614 4760 712 4829 quibus
738 4759 906 4814 consuetudo
930 4760 1124 4830 peregrinandi
1148 4762 1203 4819 iem
1220 4782 1308 4835 paene
1326 4766 1355 4819 in

237 4839 367 4891 naturum
391 4850 523 4889 conversa
545 4837 595 4889 est.
684 4833 712 4901 3)
737 4832 767 4887 V.
787 4831 902 4885 Colunt.
921 4831 946 4898 I,
964 4834 991 4886 4.
1086 4833 1115 4897 4)
1143 4832 1207 4893 ΜΘ.
1226 4840 1279 4906 Ep.
1297 4836 1353 4902 III,

232 4926 264 4978 p.
279 4908 345 4969 162·
362 4906 399 4971 οἱ.
415 4904 446 4960 V.
467 4904 580 4959 Colunt.
596 4904 676 4969 Ι,27.
737 4902 765 4971 5)
782 4904 809 4954 V
835 4902 950 4957 Colunt.
967 4902 1008 4969 II,
1020 4904 1046 4958 8.
1106 4901 1135 4971 6)
1153 4910 1282 4975 Malum
1300 4910 1319 4965 l,
1336 4908 1353 4962 l.

292 5087 365 5125 Ionas.
1142 5073 1159 5125 3
