3184 6800
147 2402 181 2452 ’9.
191 2403 237 2446 608.

254 1312 308 1366 330
496 1307 621 1379 IONAS,
634 1307 730 1364 VITA
747 1308 938 1365 IOHANNIS
955 1307 1134 1364 ABBATIS.

256 1495 368 1556 castro
392 1496 523 1576 septem
548 1491 688 1556 milibus
711 1491 820 1568 abest,
851 1491 997 1556 introiit.
1044 1492 1269 1575 Repertoque
1293 1491 1372 1569 loco,

254 1582 291 1644 in
321 1602 389 1663 quo
419 1586 496 1665 tyro
525 1581 655 1645 Ohristi
685 1581 870 1658 habitaret,
906 1583 942 1645 et
977 1580 1113 1645 celestis
1148 1581 1280 1645 milicie
1314 1581 1371 1643 ful-

255 1674 394 1753 gentem
414 1691 529 1734 ensem
549 1669 718 1745 baiulans,
742 1690 811 1752 quo
830 1672 938 1733 ostem
959 1670 1193 1733 adversarium
1215 1669 1369 1734 bellando

255 1755 448 1843 re'pelleret,
472 1779 578 1823 ovans
600 1759 750 1823 resedit⁸
772 1757 833 1821 ihi.
871 1757 942 1821 Ubi
960 1759 1065 1822 etiam
1085 1761 1160 1823 erat
1179 1761 1316 1842 puteus,
1338 1759 1368 1820 in

255 1869 323 1930 quo
347 1868 485 1932 serpens
516 1848 608 1912 inter
631 1849 767 1912 deserta
791 1847 923 1930 positus
947 1847 1141 1911 habitabat.
1189 1844 1266 1926 Quo
1290 1869 1391 1912 com-r

255 1940 364 2020 perto,
390 1957 467 2000 cum
491 1937 666 2000 sodalibus
690 1929 755 2000 adb
776 1939 920 2020 puteum
937 1936 1041 2012 venit,
1060 1936 1205 2018 Deoque
1220 1937 1366 2000 oratione

255 2029 405 2109 peracta,
430 2028 594 2109 puteume
615 2046 683 2108 quo
707 2027 845 2108 poterat
863 2026 966 2089 modo
985 2026 1028 2088 de
1051 2025 1226 2089 industria
1248 2024 1366 2107 inquie

255 2115 345 2177 tavit
368 2135 407 2178 ac
432 2114 592 2198 deinceps
612 2117 807 2197 serpentem
829 2114 989 2177 nocivum
1013 2117 1187 2177 mortuum
1212 2115 1364 2198 repperit.

254 2203 470 2285 Abiectoque
487 2224 528 2267 eo
544 2203 665 2286 procul
683 2225 704 2266 a
722 2202 808 2280 loco,
833 2202 950 2285 ibique
969 2197 1193 2286 quantisper‘l
1213 2206 1363 2278 moratus,

256 2290 412 2355 cenobiil
435 2292 548 2356 locum
569 2292 761 2355 construxit
781 2294 816 2355 et
836 2294 1032 2355 sanctorum
1056 2294 1196 2375 patrum
1220 2291 1391 2374 exemplos

255 2380 318 2444 sub
343 2380 462 2464 regule
490 2384 619 2454 tenore,
653 2401 756 2462 quam
780 2380 1007 2444 custodiendo
1037 2381 1255 2464 proficerent,
1288 2377 1363 2443 'sub-

254 2469 381 2533 iectam
405 2469 552 2553 plebem
566 2470 748 2532 constituit
771 2471 816 2543 et,
845 2474 886 2532 ut
908 2469 1172 2552 precedencium
1195 2470 1363 2532 monacho·

254 2580 331 2621 rum
356 2559 472 2622 studia
494 2558 664 2621 imitando
692 2561 982 2641 prosequerentur
1005 2561 1041 2622 et
1064 2558 1201 2622 celestis
1226 2557 1363 2622 antidoti

256 2647 380 2731 pocula
396 2647 582 2731 prebendo,
607 2667 674 2728 quo
691 2649 913 2730 peccatorum
931 2647 1043 2710 sanies
1060 2646 1259 2730 pelleretur,
1282 2646 1363 2710 omni

255 2736 335 2799 nisu
358 2737 538 2800 adortatus
562 2739 624 2799 est.
1375 2752 1390 2791 a

364 2831 393 2887 3.
429 2825 475 2887 Et
506 2845 584 2888 cum
614 2824 682 2887 iam
713 2824 840 2907 passim
864 2824 929 2887 viri
953 2824 1020 2888 Dei
1049 2824 1145 2888 fama
1175 2825 1362 2898 crescereti,

256 2914 349 2997 cepit
378 2914 531 2995 undique
562 2912 660 2996 plebs
692 2933 894 2977 concurrere
926 2918 1030 2994 atque
1061 2934 1141 2976 eum
1174 2915 1245 2978 suis
1269 2915 1364 2976 famu·

256 3001 385 3066 latibus
415 3004 596 3066 honorare.
644 3000 827 3066 Crescente
858 3022 939 3084 ergo
969 3001 1020 3064 ibi
1049 3004 1299 3066 monachorum
1323 3023 1364 3065 ca·

255 3094 362 3167 terva,
395 3092 487 3174 cepit
511 3092 611 3154 anxio
643 3090 755 3154 cordis
779 3090 920 3154 stimulo
953 3110 1106 3174 pensare,
1137 3092 1223 3173 quid
1253 3091 1365 3155 melius

255 3179 347 3244 foret
375 3180 526 3262 quidque
557 3179 728 3243 salubrius
759 3179 926 3243 mercedis
956 3179 1095 3242 cumulo
1126 3180 1315 3254 obveniret,
1342 3179 1394 3241 sia

256 3268 351 3351 plebi
374 3269 582 3332 dominando
607 3270 758 3352 preesset
788 3271 850 3331 aut
883 3268 1059 3331 subiectus
1081 3267 1160 3332 aliis
1183 3269 1366 3333 obediendo

230 3385 234 3392 ·
256 3357 320 3421 suh
337 3357 504 3421 obtentu²
524 3357 701 3440 religionis
717 3357 909 3441 proficeret.
948 3357 1031 3420 Fuit
1046 3357 1188 3422 tandem
1205 3350 1365 3432 consiliii,

76 4146 238 4251 aptificat.

257 3446 379 3509 melius
396 3467 468 3510 esse
485 3446 547 3509 suh
565 3447 703 3510 vinculo
724 3446 998 3509 mortificationis
1017 3451 1072 3510 se⁰
1094 3447 1253 3525 subdere,
1274 3468 1367 3530 quam

257 3534 334 3598 aliis
352 3535 553 3618 imperando
574 3529 778 3598 dominarii.
818 3535 863 3597 Elt
883 3556 961 3598 cum
980 3536 1161 3618 presertim
1180 3536 1266 3620 ipse,
1286 3536 1367 3598 intra

257 3624 543 3687 monasteriorum
563 3627 661 3707 septa
679 3624 822 3707 positus,
847 3623 1016 3705 regularis
1035 3625 1200 3689 materie⁰
1221 3646 1366 3689 normam
1380 3637 1399 3678 ’ὁ

257 3714 361 3794 atque
385 3713 646 3796 precedencium
677 3717 815 3796 patrum
844 3712 1062 3795 disciplinam
1086 3713 1150 3776 sub
1176 3713 1367 3779 obediencie

255 3802 368 3884 rigore
391 3822 608 3884 nequaquam
627 3802 797 3876 didicerit,
822 3802 881 3865 sed
899 3802 1141 3865 tantummodo
1161 3803 1254 3885 quod
1274 3802 1367 3867 lectio

255 3890 311 3953 vel
326 3891 420 3953 fama
435 3889 612 3972 religionis
625 3890 680 3954 vel
697 3891 792 3953 cordi
807 3890 992 3954 inseruerit
1003 3889 1059 3954 vel
1074 3892 1150 3953 auri
1163 3883 1366 3965 advexerits,

255 3980 448 4062 postposita
468 3979 774 4062 percunctatione&
792 3983 896 4061 atque
913 3980 1007 4042 omni
1023 3980 1264 4062 ambiguitate,
1286 3979 1366 4063 cepit

255 4082 397 4150 querere
435 4088 539 4144 arma,
579 4068 703 4150 quihus
742 4068 850 4150 possit
885 4067 1041 4131 subiecta
1075 4069 1231 4133 membra
1268 4068 1399 4133 tuerizc

256 4156 507 4239 clipeum,an
532 4157 737 4220 diabolicam
762 4160 872 4220 artem
895 4156 1029 4234 vitaret,
1060 4158 1170 4239 galea,
1204 4179 1273 4240 qua
1296 4156 1365 4222 fidei

256 4249 361 4328 caput
398 4245 545 4309 inlesum
585 4248 750 4322 servaret,
790 4239 1023 4337 mucronemh,
1070 4267 1138 4328 quo
1181 4246 1364 4310 mundiales

255 4355 385 4398 errores
410 4338 590 4410 coerceret,
615 4334 819 4417 impinget¹.

362 4428 392 4484 4.
423 4422 575 4486 Tandem
600 4423 837 4504 religiosorum
858 4443 968 4487 mores
992 4424 1203 4506 perquirens,
1229 4425 1273 4487 ad
1294 4422 1363 4486 Liri·

255 4531 360 4575 nense
391 4513 635 4575 monasterium
667 4512 834 4594 pervenit,
869 4513 929 4575 ubi
959 4515 1043 4575 tnnc
1073 4514 1284 4576 venerabilis
1306 4512 1362 4575 Ηο·
1376 4523 1396 4564 ³⁵

415 4684 482 4731 Capp.
499 4684 567 4721 2-4.
596 4684 616 4720 A
624 4684 642 4725 2.

361 4792 421 4838 Gap.
438 4792 456 4831 2.
486 4790 507 4840 a)
526 4788 673 4829 recedunt.
729 4790 752 4837 b)
772 4790 833 4839 apud
847 4794 907 4828 tcum
921 4789 968 4829 Aa
1024 4792 1045 4838 c)
1064 4795 1181 4839 putteum
1196 4792 1245 4833 At.
1300 4792 1321 4839 d)
1339 4790 1363 4826 ito

252 4845 344 4892 soricen
362 4844 523 4893 aliquantisper
537 4848 685 4882 commoratus
700 4843 746 4883 Aa

360 4907 420 4954 Gap.
434 4907 453 4946 3.
488 4906 509 4956 ιι)
531 4906 561 4942 ita
575 4905 601 4946 B.
619 4904 647 4951 0,·
668 4906 729 4942 cuitu
748 4903 799 4942 A2:
822 4905 863 4943 sub
885 4905 978 4943 obtentu
999 4905 1119 4952 relegionis
1140 4908 1205 4945 ctiam
1226 4908 1287 4951 infra
1306 4919 1322 4945 c.
1336 4904 1361 4943 lt.

253 4960 276 5003 h}
290 4960 321 4996 ita
335 4960 361 4997 Β.
378 4960 407 5006 0,·
426 4959 542 4997 consilium
557 4963 582 4995 ut
595 4959 674 4996 meiius
689 4963 747 4997 asset
766 4968 790 4996 ss
804 4959 845 4996 sub
859 4959 907 4997 Aa
963 4961 984 5006 c)
1004 4960 1036 4996 ita
1050 4959 1076 4997 B.
1093 4959 1123 5006 O,·
1143 4972 1174 5002 m.
1187 4959 1310 5000 subsedere
1323 4958 1361 4997 At.

253 5011 276 5063 d)
292 5011 375 5051 dfli'ari
389 5014 436 5051 Aa
479 5018 500 5059 e)
514 5012 626 5050 macheria
640 5011 687 5049 At.
734 5011 752 5062 i)
765 5012 869 5050 avexerit
882 5012 929 5051 Aa
978 5011 1000 5061 g)
1015 5014 1183 5060 percuctationc
1198 5015 1246 5057 At.
1294 5014 1317 5063 h)
1330 5021 1362 5051 nu·

218 5099 220 5102 .
253 5065 421 5105 chronemA2.
476 5065 492 5116 i)
511 5066 603 5103 itast.

254 5208 280 5272 1)
302 5206 620 5257 Mentior-Sciathos
644 5206 715 5255 circa
735 5206 750 5257 7
770 5206 847 5255 milia
872 5222 889 5256 a
908 5206 1002 5257 Saaur
1020 5213 1110 5258 castro
1135 5208 1215 5262 abac.
1287 5210 1314 5274 2)
1336 5204 1360 5257 V.

254 5278 411 5328 Coruncani
429 5277 452 5342 I,
467 5280 514 5332 18:
535 5274 665 5327 Creverat
684 5274 740 5326 iam
758 5276 858 5343 passim
878 5275 952 5327 fama
970 5276 1056 5328 sancti
1075 5278 1134 5331 viri.
