3184 6800
380 1298 505 1368 IONAS,
518 1298 640 1355 virsa
660 1300 889 1356 COLUMBANI
906 1301 1015 1356 LIBRI
1033 1301 1072 1360 H.
1252 1306 1292 1364 ⁰5·

272 1485 305 1546 A
326 1482 391 1566 lb‘)
421 1481 525 1548 Codes
553 1482 925 1564 Heidelberpensis
955 1484 1174 1552 uniuersitatis
1202 1487 1288 1553 inter

175 1571 264 1637 siros
287 1570 474 1636 monasterii
489 1570 532 1634 B.
549 1570 684 1636 Mariae
705 1571 744 1636 in
768 1573 874 1636 Salem
896 1595 929 1637 n.
947 1579 976 1653 9,
997 1579 1049 1654 21,
1073 1595 1154 1640 saec.
1172 1574 1284 1657 XIII,

175 1659 391 1725 uaetumissu
416 1660 451 1724 V.
475 1660 624 1740 Atbaiae,
655 1661 763 1725 eadem
786 1662 854 1740 fere
877 1668 970 1743 utque
991 1661 1071 1727 liber
1092 1666 1287 1744 praecedens

175 1749 296 1829 estber,
327 1750 384 1813 sed
411 1747 492 1812 tiber
515 1748 644 1829 primus
665 1748 787 1831 inteper
809 1749 856 1814 ibi
885 1757 1086 1816 consuamus
1114 1758 1160 1818 eu
1187 1773 1286 1835 nepae

175 1837 389 1902 tesiderantur
403 1835 471 1901 nisi
486 1836 634 1901 carmina
649 1837 852 1919 iatneuiique
867 1839 1006 1922 capitum
1019 1840 1184 1922 utnuspue
1197 1841 1284 1907 libri.

272 1943 343 2007 Fol.
361 1948 487 2006 2-19.
512 1943 548 2007 V.
578 1942 767 2008 Columbani
789 1950 890 2009 teatin
912 1950 986 2008 arta
1008 1945 1133 2027 quidem
1155 1947 1285 2014 auau-

175 2031 275 2097 udine
298 2053 369 2096 cum
391 2031 480 2096 Alb
503 2031 689 2097 coniunctus
711 2038 764 2113 est,
789 2032 933 2098 omittens

205 2119 310 2203 Lei.
337 2141 561 2198 communem,
587 2121 687 2201 Les.
712 2121 904 2200 clericatus,

174 2215 395 2290 mmutansque
417 2208 511 2274 baec:

206 2296 311 2379 I,11.
337 2293 516 2380 laboravit]
542 2298 724 2362 laborabab
746 2299 779 2363 A
794 2296 899 2380 1b.b*‚·

236 2385 280 2451 ib.
340 2388 428 2451 vade
452 2382 530 2468 cibo]
557 2387 626 2451 cibo
649 2389 736 2452 vede
759 2388 792 2452 A
808 2389 855 2451 lb.
868 2387 912 2469 b⁸;

206 2475 239 2556 I,
259 2480 310 2538 14.
335 2471 543 2559 praefectusl
568 2477 683 2540 factus
706 2476 738 2539 A
754 2474 817 2556 w,-
839 2481 937 2542 actus
960 2477 992 2541 A
1007 2479 1044 2543 lb
1052 2500 1064 2558 ;

206 2563 309 2645 l,26.
334 2559 518 2647 abdicavib]
545 2564 619 2628 Deo
644 2565 772 2629 dicavit
794 2565 827 2628 A
844 2565 890 2629 lb.
904 2564 943 2645 b‘,

175 2654 219 2717 ed
240 2673 280 2716 er
301 2651 371 2734 ipso
391 2652 521 2717 minime
537 2653 663 2734 pendet,
687 2654 836 2734 supplens
852 2652 961 2719 bintus
978 2655 1150 2736 complures
1167 2656 1285 2722 codicis

175 2740 352 2806 retustioris.
400 2741 519 2806 Locum
543 2740 767 2824 *Obapnoaldi
790 2742 1011 2824 Mupnoaidus
1039 2743 1093 2808 ille
1120 2744 1285 2822 fabulosus
1302 2772 1337 2814 ·.
1371 2803 1377 2816 .

174 2850 229 2894 am
244 2829 415 2911 occupauit,
433 2829 622 2910 initiumque
637 2850 661 2894 e.
683 2836 732 2912 17,
753 2831 849 2896 verbe
863 2830 983 2896 seilicet
996 2831 1062 2896 Oui
1073 2866 1116 2876 ·-
1128 2834 1281 2916 imperio,

175 2917 396 2983 tesideruntur.

175 3091 184 3108 Ι
269 3007 342 3071 Foi.
370 3013 523 3071 19-23.
564 3008 694 3090 Incipib
724 3008 796 3071 viba
827 3008 937 3072 sancbi
967 3009 1117 3074 Eustasii
1147 3011 1283 3076 abbabis

179 3095 233 3176 IL
256 3093 505 3248 &alpib-29.
544 3185 722 3269 Incipiunt
740 3184 978 3264 revelationes,
997 3209 1063 3270 que
1084 3189 1120 3251 in
1140 3189 1283 3254 cenobio

175 3272 431 3356 3urgundofore
455 3273 628 3338 abbatisse
651 3273 722 3338 vise
746 3278 828 3337 sunt
851 3271 921 3353 (II,
944 3277 1099 3359 11-22).

270 3378 341 3443 Fu.
368 3377 533 3443 ‘eo-32¹.
581 3379 712 3465 Incipit
741 3380 866 3446 relatio
896 3382 939 3447 de
971 3381 1072 3447 beebo
1100 3383 1282 3449 Bertbolfo

175 3470 289 3575 abbate
305 3470 342 3532 in
359 3470 469 3534 Bobio
485 3473 521 3534 eb
537 3471 752 3551 quorundum
769 3470 916 3534 fratrum
933 3472 1137 3535 miraculum
1153 3472 1283 3538 ibidem

181 3557 232 3639 II,
259 3557 417 3638 23-25).

274 3643 379 3711 Codes
394 3651 595 3727 comparatus
614 3667 684 3710 curn
696 3644 729 3709 A
740 3647 776 3709 lb
792 3645 900 3711 multis
919 3646 1007 3712 uitiis
1027 3648 1160 3731 laborat,
1176 3670 1282 3731 quan

174 3754 220 3815 tue
242 3733 296 3799 bie
319 3736 452 3815 praebet
474 3741 657 3799 accuratam
680 3734 871 3816 exemplaris
898 3736 1078 3802 vetustioris
1099 3737 1281 3820 inapinem,

175 3844 198 3886 n
220 3843 256 3888 eo
278 3822 405 3901 frustra
423 3843 570 3905 quaeras.
616 3824 776 3888 Vocabula
798 3822 883 3888 enim
906 3824 953 3889 ibi
974 3847 1066 3908 saepe
1089 3826 1157 3891 alia
1179 3832 1282 3892 trans-

175 3911 274 3992 nsita,
306 3911 376 3976 aliu
398 3911 516 3976 amissa
542 3917 600 3976 aut
621 3933 688 3997 pro
711 3911 787 3975 aliis
817 3911 886 3976 alia
914 3913 1082 3979 substitute
1109 3920 1192 3997 sunt,
1216 3936 1282 3999 pro

175 4002 263 4079 enim,
289 4022 379 4084 ergo,
404 4023 471 4084 que
502 4022 527 4065 e.
549 4020 600 4082 pr.
624 4022 714 4075 vero,
745 4002 863 4086 igitur,
895 4003 1022 4086 ltaque,
1052 4003 1227 4085 multasque
1254 4010 1284 4069 et

175 4109 274 4154 traces
304 4088 564 4173 interpolationes
587 4111 657 4154 cum
682 4089 718 4154 in
740 4089 874 4170 reliquis
897 4089 1048 4173 partibus
1070 4096 1100 4155 et
1122 4090 1152 4154 I.
1176 4097 1206 4156 et
1227 4091 1280 4156 ΙΙ.

175 4176 236 4241 ibri
266 4183 332 4242 turn
354 4177 492 4243 marine
514 4177 551 4242 in
574 4179 611 4243 V.
634 4178 775 4258 Bertuifi
799 4176 867 4260 (II,
885 4178 943 4261 23)
967 4180 1062 4243 corba
1084 4199 1205 4260 passus
1226 4186 1280 4261 est,

175 4265 273 4347 fuibirs
295 4265 437 4331 rationes
459 4287 567 4331 rerum
583 4266 719 4349 planius
740 4266 974 4351 expedirentur.
1018 4265 1131 4334 Ultimi
1148 4266 1283 4349 dennue

175 4353 276 4437 rapitis
299 4361 399 4419 nutus
423 4352 493 4437 (II,
518 4358 577 4440 25)
602 4357 680 4421 adeo
701 4354 739 4420 in
762 4356 852 4420 breue
874 4361 998 4421 coactus
1019 4361 1073 4437 est,
1100 4361 1135 4420 ut
1153 4356 1282 4439 partim

175 4443 303 4523 *auferri
327 4444 480 4526 nequiret.

267 4549 299 4612 A
317 4548 381 4629 lb1)
417 4548 522 4616 Ooder
543 4548 841 4615 Bruretleusis
863 4573 896 4614 n.
914 4557 1010 4633 7984,
1034 4572 1115 4617 saec.
1137 4552 1182 4633 X,
1206 4552 1281 4618 olim

175 4636 488 4718 Weissenburpeusis,
524 4638 638 4703 deinde
669 4638 936 4720 Motsbeimensis,
971 4646 1037 4703 tum
1066 4640 1178 4704 Musei
1205 4641 1281 4706 Boi-

175 4725 390 4791 andianorum
409 4727 654 4808 Antuerpiensis
669 4725 722 4807 (P.
740 4748 799 4791 rns.
819 4728 889 4813 20),
912 4728 1015 4810 ipsam
1037 4749 1118 4811 quae
1139 4728 1177 4793 in
1200 4728 1281 4794 eodi-

175 4813 247 4878 ibus
265 4814 526 4895 praecedentibus
541 4815 741 4881 denderatur
759 4815 865 4881 Vitam
880 4816 1020 4882 Athaiae
1041 4817 1098 4895 fol.
1115 4814 1279 4881 67¹-71‘.

175 4901 298 4968 munet
319 4924 358 4967 er
379 4904 467 4983 fante
489 4904 606 4987 optimo
628 4906 853 4986 depromptam.

271 5000 400 5066 Codices
429 5003 647 5083 subsequentes
669 5003 701 5065 A
716 5003 754 5066 lb
783 5001 882 5067 soiius
911 5002 1043 5067 alterius
1069 5000 1145 5066 iibri
1168 5007 1280 5083 partes

175 5086 330 5170 untinent,
354 5089 503 5173 plerique
530 5090 648 5155 seilicet
670 5097 805 5174 praeter
827 5091 863 5156 V.
887 5089 1036 5155 Eustasii
1058 5087 1129 5171 (II,
1153 5092 1278 5174 7—10)

175 5177 258 5241 inem
280 5177 356 5243 libri
380 5177 449 5259 (II,
471 5181 633 5261 11-25),
656 5179 705 5244 ita
726 5185 762 5243 ut
783 5202 805 5245 u
827 5178 994 5244 miraculis
1010 5178 1280 5245 Erroriaaensc'bas

175 5264 204 5329 V.
234 5266 375 5347 Bertulfi
403 5267 534 5332 minime
562 5266 712 5333 distinctu
741 5267 792 5348 sit,
827 5270 883 5333 sed
912 5268 989 5332 baec
1021 5266 1081 5333 itta
1109 5266 1146 5333 in
1175 5269 1279 5334 eodem

213 5386 239 5426 10
254 5397 279 5427 u
1083 5372 1101 5427 ὀ
