3184 6800
258 1332 294 1386 40
471 1324 597 1393 IONAS,
610 1322 730 1380 vm
747 1321 976 1378 OOLUMBANI
993 1320 1102 1377 LIBRI
1120 1320 1159 1380 IL

257 1510 359 1589 batur,
383 1529 447 1590 qna
470 1506 569 1573 Scotti
591 1506 720 1570 arbores
741 1505 779 1571 in·
801 1504 892 1569 sitois
914 1507 1078 1570 caederent
1087 1506 1108 1586 ¹,
1131 1505 1198 1571 siue
1218 1503 1385 1571 miracuta

257 1597 406 1679 sumebat,
440 1615 501 1678 auo
535 1595 682 1660 borreum
714 1594 875 1674 frumento
907 1599 1001 1658 noctu
1033 1594 1207 1675 repleretur
1214 1596 1238 1657 ².
1291 1594 1376 1658 Eius

256 1685 348 1767 pitius
362 1684 594 1750 Bobolenus
603 1689 678 1764 post
690 1683 875 1761 Bertutfum
889 1683 989 1747 abbas
1001 1682 1190 1748 monasterii
1202 1682 1376 1748 Bobiensis

256 1776 370 1840 dectus
391 1779 445 1853 est,
469 1773 552 1855 quod
572 1778 694 1837 eentum
708 1769 942 1853 quinquaqinta
955 1771 1104 1837 monachi
1119 1779 1193 1837 tnnc
1207 1792 1375 1855 occupasse

258 1863 417 1943 feruntur.
463 1861 501 1926 Is
529 1860 704 1926 marimum
732 1879 843 1925 ourarn
870 1858 1036 1941 prioitepii
1065 1861 1283 1940 confirmandi
1313 1882 1401 1925 oms

252 1949 443 2033 ptiondioue
453 1949 516 2032 cpit
529 1948 627 2029 itlius,
643 1949 728 2030 quod
738 1947 778 2013 ab
788 1947 937 2012 Honorio
946 1969 1036 2030 papa
1050 1950 1193 2014 decessor
1202 1956 1376 2031 acceperat,

257 2059 356 2121 eaque
383 2040 422 2104 de
451 2058 550 2103 eausa
571 2036 763 2102 Rotborium
792 2056 896 2118 repern
918 2037 1205 2119 Lampobordorum
1231 2044 1261 2101 et
1288 2037 1377 2102 Gun-

258 2127 430 2210 duberaam,
453 2127 511 2191 sub
532 2146 665 2207 aunum
685 2124 869 2205 defensione
890 2125 1116 2190 monasterium
1131 2125 1272 2206 positum
1296 2133 1377 2208 erat,

258 2215 350 2296 adiit,
373 2221 410 2281 ut
423 2216 512 2299 apud
533 2216 635 2279 sedem
650 2213 854 2295 apostoticam
869 2212 932 2278 sibi
945 2213 1212 2295 suffraparentnr.
1251 2214 1379 2279 Eorum

257 2303 481 2369 intercessione
506 2303 692 2368 Theodorus
707 2323 800 2384 popa
821 2323 852 2365 a.
870 2308 944 2382 643,
968 2301 1020 2366 die
1043 2309 1074 2365 4.
1091 2302 1191 2383 Maii,
1214 2302 1379 2368 Boboteno
1399 2330 1424 2369 ιο

259 2391 446 2475 presbytero
467 2398 497 2456 et
518 2390 636 2457 obbati'
659 2396 796 2472 optatam
821 2389 986 2473 priritepii
1010 2391 1284 2471 confirmationem
1308 2413 1379 2457 con·

258 2479 358 2546 cessit
394 2479 490 2544 Patri
499 2479 686 2544 monasterii
700 2478 816 2560 totique
827 2479 1063 2561 conorepationi
1073 2478 1251 2561 episcopum
1261 2479 1380 2562 stipere

258 2568 379 2649 licebat,
396 2589 459 2649 per
481 2587 571 2649 ouem
592 2567 766 2633 missarum
780 2566 945 2632 soliemnia
960 2568 1193 2633 celebrarentur
1214 2575 1272 2633 aut
1286 2590 1380 2650 pres-

257 2656 359 2740 byteri
382 2656 570 2738 diaconique
599 2657 646 2721 oet
676 2656 802 2721 tabulae
830 2655 868 2719 in
896 2655 1010 2737 onibus
1032 2656 1148 2721 missae
1170 2656 1381 2722 celebrandae

258 2751 359 2811 essent
374 2751 642 2825 consecrarentur,
666 2764 795 2826 enmono
813 2743 1241 2826 monasterium-inpressum,
1265 2746 1380 2826 officio
1400 2773 1426 2813 ιε

257 2854 349 2900 sacro
377 2834 527 2914 absoluto,
557 2833 665 2898 statim
694 2833 785 2898 abire
812 2853 870 2898 nec
897 2833 1065 2914 qnisquam
1088 2833 1189 2915 pretii
1210 2835 1381 2915 postutare

256 2923 311 3003 fas
340 2929 423 2988 erat..
464 2922 577 2988 Etiam
605 2921 733 2987 secretis
760 2921 948 2986 monasterii
976 2921 1045 3005 ipse
1067 2921 1307 3004 prohibebatur,
1340 2945 1380 2989 ne

256 3010 363 3092 anuto
385 3011 611 3076 nomenmum
632 3009 699 3075 uita
722 3012 913 3075 turbaretur.
955 3010 1129 3076 Praeterea
1150 3012 1378 3094 sacerdotibus,

257 3098 323 3163 nisi
345 3104 448 3164 essent
475 3099 586 3179 uocati,
611 3104 750 3179 potestas
779 3097 909 3162 omnino
931 3099 1022 3164 nubta
1051 3099 1089 3163 in
1110 3098 1304 3164 monasterio
1329 3121 1379 3165 en-

256 3188 392 3252 eroenda
414 3192 484 3251 erat
512 3207 611 3268 neque
633 3186 670 3250 in
692 3189 785 3252 rebus
807 3207 906 3268 neque
928 3187 964 3251 in
988 3187 1137 3269 personis
1163 3186 1380 3271 ordinandis;
1399 3214 1426 3253 so

256 3277 355 3341 obbas
377 3295 449 3340 aero
465 3280 541 3357 post
561 3281 691 3340 mortem
706 3275 818 3357 patris
835 3275 866 3338 is
884 3275 1085 3341 ordinandus
1099 3281 1178 3357 erat,
1202 3297 1293 3357 quern
1313 3284 1379 3342 tota

257 3363 456 3447 coupreoatio
489 3363 637 3447 etapisset.
691 3363 852 3447 Inprimis
885 3364 1026 3447 episeopo
1060 3364 1245 3431 dioecesano
1277 3364 1379 3432 inter-

256 3452 374 3519 dictum
403 3459 482 3533 erat,
512 3475 552 3519 ue
573 3452 781 3536 prioitepium
810 3453 1005 3535 iufrinaeret
1032 3460 1089 3518 aut
1117 3454 1265 3519 eeclesias
1294 3456 1379 3521 deci·

255 3562 384 3623 masque
403 3542 590 3607 monasterii
611 3547 791 3623 usurparet.
832 3542 1019 3623 Disciplina
1041 3542 1130 3608 intra
1147 3544 1380 3609 monasteeirnn

250 3630 342 3711 patri
364 3630 574 3710 conueniebat,
598 3631 650 3696 cui
671 3630 821 3695 monmbi
843 3630 941 3712 tepidi
963 3634 1008 3696 ad
1029 3631 1172 3714 requiam
1192 3631 1380 3713 corripendi
1399 3659 1425 3699 n

256 3724 368 3800 erant‚·
384 3718 438 3783 sin
452 3719 519 3800 ipse
530 3740 600 3784 eam
612 3719 805 3802 neoteuisset,
822 3718 1107 3801 sedisapostolicae
1121 3719 1381 3786 emendatiorum

255 3807 381 3873 subibat
389 3808 411 3870 ³.
458 3806 585 3873 Similis
613 3807 793 3890 arpuneeuti
817 3814 1021 3891 praeceptum
1050 3809 1091 3873 ab
1119 3809 1188 3889 ipso
1214 3808 1380 3874 Rotbario

255 3917 327 3978 reae
348 3895 540 3961 monasterio
563 3916 739 3961 eoncessum
762 3896 887 3961 ridetur
908 3917 983 3977 esse,
1007 3918 1101 3978 eoque
1118 3897 1256 3979 inspecto
1271 3896 1380 3963 Roda

255 3985 348 4050 aldus
377 3984 467 4065 pitius
499 3984 601 4067 ipsius
631 3984 803 4050 ‘Bobuteno
832 3984 940 4049 abbati
969 3992 999 4049 et
1022 3986 1216 4068 presbytero'
1242 4007 1272 4049 a.
1299 3992 1378 4068 652,

255 4073 307 4139 die
336 4080 367 4138 4.
392 4072 582 4143 Nouanbris
604 4095 719 4138 nouum
741 4073 835 4153 dedit,
866 4076 950 4154 quod
976 4074 1080 4139 adbuc
1101 4080 1249 4155 superest.
1296 4076 1379 4157 Epi-
1399 4102 1425 4141 so

254 4162 340 4244 scopi
369 4162 549 4228 dioecesani
577 4168 725 4244 potestate
753 4163 887 4242 sublata,
923 4163 968 4226 od
995 4163 1170 4227 sanandos
1198 4165 1380 4229 sacerdotes

255 4250 432 4332 episcopum
454 4250 617 4332 quemlibet
644 4251 809 4315 monacbis
839 4271 996 4316 arcessere
1024 4271 1082 4315 rea
1105 4251 1262 4332 permisit,
1291 4253 1379 4317 duas

254 4359 327 4404 oero
350 4338 696 4421 condiciones-adiecit,
726 4345 762 4403 ut
788 4338 926 4403 ‘deintra
948 4339 1041 4421 repui
1068 4339 1171 4421 ipsim
1193 4340 1377 4406 terminum’

153 4469 182 4483 --
254 4426 422 4508 etiperetur
460 4433 554 4508 utque
594 4428 706 4493 electus
747 4428 785 4492 in
824 4427 971 4492 notitiam
1013 4427 1116 4509 ipsius
1153 4429 1360 4510 perferretur
1366 4453 1379 4511 ,·

254 4514 329 4578 item
358 4514 482 4579 abbatis
511 4515 648 4598 etioendi
676 4516 861 4595 facultatem
890 4516 1080 4581 monasterio
1107 4519 1209 4581 aenea
1231 4518 1346 4584 obtulit
1354 4520 1377 4581 4.
1397 4544 1425 4585 ss

256 4723 282 4795 1)
302 4726 332 4779 V.
352 4724 467 4780 Oolumb.
487 4726 569 4789 le·
635 4726 826 4793 2)1b.1,17.
891 4725 918 4795 3)
938 4726 982 4777 Ea
1000 4742 1068 4793 quae
1080 4732 1223 4793 praetereo
1240 4729 1272 4778 in
1284 4732 1379 4794 priui-

254 4796 323 4863 lcpio
343 4796 444 4862 papati
466 4798 517 4861 (ed.
536 4799 567 4849 in
593 4796 663 4850 Hist.
685 4798 796 4863 patriae
820 4812 935 4851 monum.
956 4798 1050 4851 Cbart.
1068 4798 1092 4863 I,
1112 4798 1160 4851 col.
1177 4800 1194 4851 6
1200 4813 1214 4860 ,·
1240 4798 1276 4862 cs.
1296 4798 1382 4864 Jaffe

253 4884 281 4921 n.
293 4866 392 4934 20532)
411 4875 586 4934 enarrantur,
607 4869 704 4920 scilicet
715 4870 828 4919 mitram
839 4869 947 4937 alioque
960 4868 1131 4934 pordificatia
1148 4868 1240 4921 abbati
1255 4884 1380 4923 wuosssu

254 4954 315 5005 esse,
333 4944 468 5005 suspectae
486 4938 549 5003 fidu·
564 4946 644 5006 sunt;
668 4941 701 5003 cf.
720 4939 868 5004 Muratort,
887 4939 1002 4991 ‘Annali'
1018 4938 1142 4991 d’Itats'a’
1160 4940 1271 5007 [1292.
1300 4942 1380 5009 Apo-

252 5009 378 5077 prapbon
396 5012 468 5061 enirn
483 5011 602 5065 o.1172.
621 5017 764 5061 exoratum
789 5026 871 5077 quam
895 5011 1013 5062 mantum
1030 5011 1213 5062 adulteratum
1237 5016 1277 5063 est
1292 5028 1380 5081 neque
1396 5025 1425 5064 40

253 5096 314 5132 cero
332 5083 402 5133 inter
419 5082 606 5148 soppomttotas
623 5081 745 5132 obortam
763 5081 892 5145 referam,
916 5097 976 5132 cnm
1001 5082 1121 5145 formula
1138 5086 1296 5149 comparata
1314 5099 1379 5135 cum

253 5154 371 5216 pennino
405 5152 666 5221 Burpundofaronis
700 5152 796 5204 oborto
831 5154 862 5203 in
896 5154 1051 5204 uniuersum
1087 5159 1209 5205 constare
1243 5154 1379 5212 visitatur.

254 5221 282 5291 4)
308 5222 482 5288 Prameptum
506 5222 639 5275 Itodoatdi
663 5224 716 5287 (cd.
735 5222 808 5277 Hist.
825 5225 935 5290 patriae
959 5239 1075 5277 monum.
1094 5223 1189 5279 Obori.
1208 5223 1234 5285 Ι,
1259 5225 1307 5280 cot.
1329 5230 1380 5290 10)

254 5308 287 5343 eu·
306 5293 463 5360 apoprapbo
479 5308 545 5347 saec.
565 5292 616 5347 IX.
634 5301 683 5345 ant
700 5293 736 5347 X.
756 5293 854 5346 editum
875 5295 1014 5361 pemnuttu
1037 5295 1114 5346 ualde
1131 5296 1228 5347 rustici
1243 5292 1381 5351 samonis
