3184 6800
442 1316 569 1387 Ioniis,
581 1317 705 1373 VITAE
724 1316 953 1372 COLUMBANI
971 1317 1081 1373 LIBRI
1095 1318 1135 1375 H.
1314 1326 1353 1379 93
1374 1390 1377 1395 Ι

334 1498 391 1577 fol.
410 1506 563 1564 79-82.
588 1501 625 1566 V.
642 1500 792 1566 Eustasii
816 1497 969 1582 (promor.
993 1501 1124 1585 Incipit
1142 1503 1215 1567 vita
1237 1506 1351 1568 sancti

230 1587 380 1652 Eustasii
404 1590 541 1653 abbatis
564 1587 685 1671 XXII)
709 1591 825 1671 absque
843 1588 1050 1673 praefatione
1072 1590 1273 1672 interpolata,

332 1676 490 1742 uolumine
508 1678 545 1758 V,
564 1679 620 1757 fob.
635 1677 766 1742 7-11‘.
786 1679 823 1744 V.
842 1676 1029 1743 Columbaui
1045 1699 1114 1741 eum
1130 1678 1273 1762 epistula,
1294 1681 1351 1744 sed

236 1763 307 1841 folio
321 1764 423 1830 euciso
438 1788 559 1848 mapua
573 1767 669 1831 buius
684 1766 760 1832 libri
773 1788 856 1848 pars
872 1765 1011 1830 acerbis
1029 1762 1156 1850 iderer
1171 1770 1238 1833 hie.
1263 1768 1348 1833 Oon·

210 1854 300 1917 scito
322 1849 361 1931 (c.
384 1856 440 1937 17)
465 1857 511 1919 ad
531 1861 571 1919 ut
594 1877 729 1921 omnem
754 1850 963 1940 passginam]
994 1852 1035 1935 (c.
1054 1858 1111 1938 27)
1137 1856 1346 1921 desideratur.

332 1941 383 2007 De
407 1942 484 2008 locis
506 1944 671 2009 nonnullis
698 1944 873 2027 Guipnard
899 1942 1169 2009 bibliothecarium
1193 1945 1345 2026 consului,

244 2050 330 2094 senem
351 2035 552 2097 ammoniae
575 2032 717 2097 canitiei.

333 2120 457 2204 ⁸A202)
475 2120 580 2187 Oodeu
590 2121 789 2186 Remensis
801 2144 833 2185 n.
845 2126 929 2185 1144
942 2117 1029 2202 (782.
1042 2117 1127 2204 768),
1140 2142 1222 2186 saec.
1232 2121 1345 2186 XIII.
1367 2136 1378 2161 ’
1395 2165 1401 2178 .
1438 2167 1448 2179 .

246 2206 290 2286 in,
319 2208 372 2287 fob.
399 2215 553 2291 52—55,
592 2211 629 2275 V.
660 2210 800 2275 Atbabae
834 2209 972 2275 continet
1005 2206 1160 2292 (praescr.
1170 2233 1180 2275 .·
1214 2211 1345 2295 Incipit

209 2318 234 2356 n
248 2297 303 2360 vita
328 2299 440 2362 sancti
462 2299 585 2376 Attali,
617 2300 715 2365 cuius
745 2301 875 2364 festum
904 2299 1029 2363 colitur
1045 2298 1106 2362 VI.
1132 2301 1216 2363 Idus
1239 2298 1345 2381 Maii).

331 2386 445 2470 ΑΜ)
475 2385 579 2453 oona
601 2387 868 2453 Parisiensis
895 2410 927 2452 u.
946 2393 1030 2451 5297
1058 2383 1161 2465 (Coro.
1180 2394 1254 2469 512,
1287 2388 1346 2453 Re·

248 2472 302 2553 p'us
321 2477 434 2566 3293),
459 2497 540 2541 saec.
559 2476 670 2558 XIII,
695 2476 770 2541 olim
793 2475 1131 2556 Futcordimoutensis,
1155 2477 1211 2555 fot.
1232 2482 1345 2540 164—

252 2566 306 2625 166.
315 2562 348 2629 V.
356 2564 506 2629 Eustasii
517 2565 654 2630 continet
666 2561 834 2647 (prraescrs
844 2565 975 2649 Incipit
986 2566 1058 2629 vita
1070 2567 1181 2630 saneti
1193 2566 1346 2630 Eustasii

250 2650 370 2730 obbatis,
395 2653 493 2718 cuius
515 2656 684 2719 transitus
707 2655 835 2719 colitur
858 2657 979 2738 quarto
1004 2655 1061 2717 Kl.
1082 2654 1212 2737 Aprilis
1231 2652 1346 2735 XXX)

214 2758 238 2796 1⁶
250 2739 362 2805 mauu
380 2740 466 2806 inter
483 2741 647 2824 utriusque
663 2742 824 2808 Iohannis
846 2748 877 2807 et
897 2741 1045 2807 eremitae
1068 2748 1097 2806 et
1117 2742 1347 2825 Obrpsostomi.

332 2828 448 2914 A204)
493 2830 597 2897 Cortex
633 2832 1029 2913 Moutepessutauus
1067 2831 1108 2894 H
1136 2851 1169 2894 n.
1196 2838 1224 2911 l,
1262 2852 1345 2896 saec.

254 2912 341 2981 XIII.
355 2917 412 2999 im,
437 2919 656 3001 Iepeudarium
678 2941 829 3002 mapuum
852 2921 886 2985 S.
903 2918 1039 2984 Mariae
1066 2918 1345 3001 Claraeoatbeusis,

253 3006 342 3086 ma,
364 3007 421 3086 fol.
442 3014 632 3090 133-144,
657 3009 693 3073 V.
716 3007 903 3074 Columbani
926 3008 1041 3073 tibrum
1059 3009 1091 3072 I.
1115 3008 1230 3088 absque
1253 3010 1345 3073 later-

253 3092 302 3156 mio
319 3101 345 3159 et
359 3096 671 3181 praescriptionibus
693 3097 841 3179 capitum,
869 3096 1123 3178 subseqnentibus
1145 3096 1345 3162 Miracutisl

215 3197 241 3236 ¹⁰
255 3174 339 3264 (incip.
362 3184 493 3270 Incipit
517 3188 688 3270 praefatio
711 3187 749 3251 in
773 3187 948 3251 miraooiis
972 3187 1134 3250 eiusdem.
1178 3186 1253 3265 Qus
1277 3187 1343 3251 Do·

254 3269 338 3337 minus
352 3278 470 3339 noster
481 3295 542 3359 per
554 3273 698 3358 merita),
714 3281 786 3339 tom.
808 3275 843 3357 V,
860 3275 916 3354 fob.
933 3279 994 3338 180
1004 3280 1123 3354 -184,
1145 3275 1181 3338 V.
1193 3274 1347 3339 Eustasii

255 3360 341 3424 baum
361 3361 499 3428 continet
519 3370 613 3429 notae
630 3363 801 3444 inferioris
815 3383 915 3445 neque
929 3384 1002 3428 oero
1018 3362 1224 3446 praefatione
1246 3363 1346 3429 inter·

250 3445 330 3523 solato
343 3458 478 3534 auctum,
494 3452 546 3517 cui
561 3453 675 3519 ummo
683 3453 919 3535 praescriptum
934 3459 980 3517 est
992 3452 1085 3531 idem
1102 3454 1185 3533 quod
1199 3452 1235 3516 in
1249 3453 1343 3518 A2c³

254 3531 345 3614 luitur.
371 3539 671 3626 Diesdepositionis
681 3541 778 3606 buius
788 3541 893 3607 sancti
904 3541 1009 3620 falsus
1018 3542 1109 3605 IIII.
1121 3543 1199 3606 Kal,
1211 3543 1346 3627 Aprilis

218 3638 293 3700 ”pro
308 3627 400 3693 IIII.
425 3630 512 3694 Non.
535 3630 618 3712 Apr.
642 3637 678 3695 ut
691 3629 944 3713 praescriptioni
965 3629 1105 3711 irrepsit,
1129 3629 1177 3694 ito
1200 3630 1235 3695 iu
1259 3631 1342 3695 calce

250 3718 300 3788 root
311 3719 417 3782 rerba:
440 3739 518 3782 oum
536 3721 701 3786 victoriae
720 3741 805 3804 pace
826 3717 894 3800 (II,
915 3724 954 3781 10
971 3717 1036 3796 eu.)
1055 3718 1263 3800 interpolatus
1286 3725 1341 3783 est.

327 3804 466 3891 ΑΜ)
491 3806 596 3873 Oodeu
614 3807 832 3873 Trecensis
854 3829 887 3872 u.
908 3814 934 3888 l,
958 3828 1040 3872 saec.
1059 3807 1170 3871 XIII.
1187 3807 1243 3887 iu,
1266 3806 1341 3872 otim

252 3885 414 3960 &Mariae
441 3893 717 3978 Obaraeuabbensis,
747 3895 867 3961 scilicet
896 3895 1074 3978 tepeudarii
1096 3895 1185 3960 illius
1213 3897 1251 3960 de
1280 3917 1340 3976 quo

250 3981 313 4043 nodo
338 3982 387 4064 epi
417 3990 518 4049 tomus
540 3985 636 4066 1112,
661 3986 697 4049 V.
721 3985 861 4050 Atbatae
884 3984 1028 4065 continet,
1052 3983 1228 4065 incipieus:
1252 3984 1341 4048 Cum

220 4078 305 4150 *ergo
325 4074 529 4138 venerabilis
553 4074 722 4139 Columba
746 4070 814 4155 (II,
834 4071 880 4154 1).

324 4159 436 4225 Etiam
454 4168 565 4227 auctor
581 4162 694 4245 mapni
712 4161 889 4244 lependarii
905 4160 1129 4242 francopattici
1146 4181 1227 4225 saeo-
1246 4160 1340 4224 XII.

237 4247 393 4331 ooupositi,
427 4249 518 4315 cuius
547 4251 745 4336 exemplaria
774 4252 936 4332 complura
958 4256 1014 4314 aut
1035 4249 1181 4330 perfecta
1204 4255 1261 4312 aut
1281 4248 1342 4312 im-

241 4335 356 4412 perfecta
384 4339 431 4403 ad
457 4359 516 4403 nos
537 4346 760 4421 pervenerunt,
792 4360 831 4404 en
860 4341 958 4404 attero
981 4339 1018 4402 V.
1047 4337 1234 4404 Columbaui
1256 4337 1338 4403 libro

243 4419 305 4488 mit
323 4425 455 4491 admisit
473 4426 541 4492 uisi
562 4428 600 4493 V.
623 4429 764 4493 Atbatoe
786 4434 815 4492 et
837 4427 993 4508 Eustasii,
1017 4426 1064 4491 ita
1086 4433 1121 4490 ut
1143 4426 1237 4491 tibris
1259 4426 1339 4492 A2c

216 4512 325 4576 *mem
357 4521 451 4597 atque
484 4515 585 4582 codici
614 4517 679 4581 Aa
714 4516 826 4597 insint,
862 4536 991 4596 cumque
1022 4522 1088 4580 toto
1116 4514 1253 4580 materia
1283 4536 1349 4594 seu¹

240 4598 427 4670 staminibus
449 4603 603 4686 disposita
624 4605 676 4687 sit,
706 4605 960 4671 Columbaniano
977 4605 1034 4670 boo
1052 4604 1164 4668 ordine
1181 4625 1246 4669 sese
1269 4607 1337 4669 sub·

240 4698 398 4768 samum.

325 4781 441 4846 Tomus
456 4782 511 4845 II.
533 4803 655 4848 menses
673 4781 889 4848 Februarium
907 4788 935 4846 et
953 4782 1115 4847 Martium
1138 4781 1338 4862 comproben-

238 4862 296 4929 dms
315 4867 421 4933 Vitam
443 4868 593 4936 Eustasii
622 4869 691 4953 (II,
709 4870 836 4951 7-10)
866 4872 981 4952 absque
1006 4869 1211 4952 praefatione
1239 4868 1335 4932 iuter-

211 4953 323 5028 ⁴titolata
343 4957 482 5023 mediam
509 4959 633 5024 exbibet
658 4959 744 5024 inter
769 4959 861 5024 Vitas
883 4959 1044 5024 Iobauuis
1073 4965 1102 5023 et
1130 4956 1276 5022 eremitae
1306 4963 1339 5020 et

241 5037 446 5128 chrysostomi,
477 5047 544 5113 nisi
566 5049 650 5130 quod
671 5046 815 5114 ΛΜΗ
837 5048 874 5112 iu
903 5047 971 5130 ipso
993 5047 1146 5112 Eustasio
1175 5045 1332 5127 desinunt,

237 5131 374 5214 intusum
395 5134 478 5199 idem
500 5157 566 5202 uon
588 5138 689 5202 sotum
714 5137 752 5202 in
774 5159 809 5201 eo
832 5135 888 5218 qui
910 5139 1041 5201 eundem
1063 5134 1207 5201 ordinem
1230 5140 1336 5198 serrat

238 5318 258 5383 1)
279 5321 434 5378 Boumaa
458 5326 581 5394 nunu.
599 5330 648 5384 ra.
666 5346 695 5384 n.
709 5331 786 5385 1904.
863 5329 891 5395 2)
919 5329 961 5394 os.
979 5328 1130 5391 ‘maran
1153 5324 1264 5393 yuuu
1288 5327 1338 5378 aa

238 5402 287 5446 Μ.
300 5393 342 5447 das
358 5395 416 5452 otu.
430 5398 509 5465 publ.
527 5399 573 5452 des
590 5399 802 5467 deponentia,
822 5404 882 5452 tom.
902 5398 939 5450 II
952 5400 1046 5465 (seriei
1061 5400 1187 5464 prioris),
1203 5414 1232 5464 p.
1246 5399 1271 5452 5.
