3184 6800
218 1330 253 1384 52
431 1322 557 1391 IONAS,
569 1320 692 1376 VITAE
710 1319 939 1377 OOLUMBANI
956 1319 1066 1376 LIBRI
1083 1320 1123 1377 H.

218 1514 347 1573 sanuses
361 1505 566 1587 requieverat,
582 1502 848 1569 commemorandi
861 1509 944 1584 sunl,
961 1502 1081 1569 scilicet
1099 1501 1344 1585 Cbaqnaaldus,

219 1594 479 1676 Buranudofara
501 1598 530 1656 et
551 1590 621 1656 sine
643 1590 738 1656 dubia
759 1590 1027 1673 Bnrqundofaro.
1073 1592 1129 1656 Ea
1158 1591 1210 1656 bis
1240 1590 1340 1673 Clioq-

219 1685 365 1763 noaldus,
395 1680 451 1764 qui
477 1679 625 1745 minister
651 1679 840 1745 Golnmbani
868 1680 906 1745 in
934 1681 1035 1746 locum
1057 1679 1250 1746 Domoalis¹
1279 1701 1340 1745 snc-

221 1778 365 1852 cesserat,
389 1770 458 1835 cius
480 1768 746 1835 conversationem
768 1768 805 1833 in
820 1770 941 1835 duerlo
955 1768 1174 1835 Alanrannico
1195 1775 1343 1853 ceperam

221 1867 291 1926 erat
299 1862 320 1941 ²,
351 1865 380 1924 et
402 1858 576 1940 praecipue
597 1877 678 1938 quae
699 1863 810 1923 sancto
832 1857 1007 1923 blanditiae
1024 1878 1085 1940 per
1107 1857 1271 1923 animalia
1293 1856 1364 1921 sil-s

221 1948 340 2015 cestria
362 1946 519 2013 eubibitae
541 1952 651 2027 essent,
674 1946 776 2010 Ionae
799 1946 924 2011 curioso
946 1946 1144 2027 ennarraait³,
1172 1952 1340 2027 antequam

223 2060 248 2104 c.
273 2060 302 2103 a.
322 2034 434 2119 632s3.
457 2041 598 2099 mortuus
619 2040 674 2099 est.

330 2125 445 2206 Itaque
463 2123 663 2205 bioqrapbns,
687 2123 759 2188 licet
777 2123 1005 2189 Oolumbanmn
1027 2124 1095 2205 ipse
1117 2144 1183 2188 nan
1204 2122 1342 2202 vidisset,

224 2222 330 2280 lamen
359 2214 515 2279 derebus
536 2212 577 2275 ab
599 2233 634 2276 eo
657 2211 694 2276 in
721 2211 834 2277 Gallia
857 2212 1019 2294 Italiaque
1045 2212 1142 2295 qestis
1164 2232 1228 2294 per
1257 2216 1341 2277 testes

224 2304 363 2369 oculatos
392 2300 504 2383 optime
533 2300 707 2365 instructus
732 2313 805 2365 'esse
832 2306 968 2382 poterat.
1021 2300 1207 2382 Discipulos
1242 2306 1342 2364 autern
1356 2322 1377 2363 n

225 2397 450 2471 sectatoresque
471 2388 585 2469 saneti,
609 2390 647 2453 de
669 2388 783 2470 quibus
805 2388 842 2453 iu
864 2390 964 2454 altero
980 2390 1062 2455 libro
1080 2388 1208 2470 rettulit,
1228 2390 1342 2471 pleros·

226 2502 285 2563 que
307 2500 371 2543 non
394 2478 494 2543 solum
516 2477 583 2558 ipse
605 2476 738 2558 viderat,
761 2477 936 2542 sedetiam
958 2478 1087 2543 diutina
1110 2476 1343 2543 conuersatione

226 2574 372 2651 expertus
393 2573 470 2632 erat.
517 2566 694 2631 Materiam
717 2566 814 2630 buius
836 2566 913 2631 libri
935 2566 983 2632 ita
1005 2566 1170 2649 disposuit,
1193 2573 1231 2632 nt

334 2678 360 2722 c.
380 2662 479 2719 1-6.
503 2657 541 2720 de
563 2655 686 2719 Albula
708 2656 820 2720 abbate
842 2654 1005 2737 Bobicnsi,

335 2767 360 2811 c.
380 2751 497 2808 7-10.
521 2745 559 2808 de
581 2742 734 2808 Enstcsio
757 2745 868 2809 abbate
891 2744 1095 2824 mammem,
1157 2787 1161 2791 -
1361 2763 1383 2804 a

335 2856 361 2900 c.
381 2839 523 2897 11-22.
547 2834 585 2897 de
607 2831 774 2896 miraculis
796 2832 1073 2914 Eroriacensibus,

336 2944 362 2987 c.
379 2928 431 2986 23.
455 2923 493 2986 dc
514 2921 664 3000 Bertulso
686 2922 797 2985 abbate
820 2921 982 3002 Bobiensi,

337 3033 362 3076 c.
379 3016 431 3075 24.
457 3016 508 3073 25.
533 3011 571 3073 de
592 3009 760 3074 miraculis
785 3031 808 3074 a
832 3010 997 3075 monacbis
1018 3009 1233 3075 Bobiensibus
1253 3008 1349 3091 pestis

230 3099 415 3180 disputaret.
463 3099 528 3162 Sub
551 3098 675 3162 Athela
695 3097 888 3163 monasterio
910 3098 1090 3180 adscriptus
1111 3097 1349 3179 ministerioque

231 3186 355 3253 abbatis
376 3186 546 3251 adiunctus
568 3185 733 3250 historiam
752 3186 943 3252 Bobiensem
959 3208 1057 3269 nsque
1079 3190 1125 3252 ad
1145 3209 1177 3252 a.
1194 3192 1271 3251 628.
1288 3206 1351 3269 per
1366 3208 1389 3247 n

231 3274 416 3341 decennium
445 3274 532 3339 lestis
561 3275 704 3340 oculatus
736 3275 907 3340 memoriae
940 3275 1085 3356 tradidit,
1120 3274 1247 3358 ipseque
1281 3296 1351 3340 cum

230 3364 372 3446 fratrum
400 3363 593 3445 reliquorum
623 3369 688 3429 tum
717 3363 769 3429 sui
796 3364 900 3446 ipsius
928 3364 1138 3431 testimouium
1170 3366 1215 3430 ad
1237 3366 1351 3443 coufir-

230 3455 351 3518 mauda
379 3452 539 3518 miracula
564 3455 720 3535 quaedam
743 3453 849 3518 attulit
857 3455 878 3517 ⁴.
933 3453 1086 3520 Ultimum
1107 3453 1250 3518 Achatae
1278 3452 1353 3518 uisi·

231 3564 321 3607 onem
344 3562 406 3624 per
428 3541 698 3606 Blidemuudum⁵
720 3543 909 3608 monacbum
938 3550 1132 3624 coquooerat,
1162 3541 1353 3606 moribundo

232 3637 336 3696 autem
358 3630 466 3696 abbati
488 3630 555 3712 ipse
578 3630 737 3695 adstitisse
759 3630 893 3696 ridetur.
940 3631 1046 3696 Plura
1070 3629 1189 3712 primis
1210 3630 1355 3710 Bertulqi
1370 3653 1393 3693 n

232 3719 331 3784 aunis
351 3718 579 3784 monasterium
595 3740 731 3800 passum
748 3726 826 3800 crat,
850 3720 991 3801 episcopo
1010 3719 1194 3785 dioecesano
1211 3718 1355 3784 iusidias

232 3808 386 3888 moliente,
410 3813 556 3872 conatum
579 3814 684 3871 autem
706 3829 761 3889 ope
777 3809 881 3873 Ionae
903 3809 1001 3873 abbas
1023 3807 1160 3887 feliciter
1182 3809 1353 3890 repulerat.

232 3898 325 3962 Haec
347 3895 497 3978 acquisiti
519 3895 687 3979 pri-aileqii
710 3896 843 3978 papalis
865 3896 1002 3961 lsi-storia
1031 3903 1066 3962 ut
1091 3896 1140 3961 rei
1163 3895 1356 3961 coenobialis

233 3985 406 4068 coquitioni
430 3985 560 4049 multam
583 3985 682 4050 lucem
705 3984 809 4066 affert,
835 3985 885 4050 ita
906 3991 1090 4051 accuratam
1113 3984 1283 4068 bioqrapbi
1307 3987 1355 4050 de·

232 4074 435 4157 scriptionem
458 4080 646 4155 perqratam
675 4073 787 4139 baberi
816 4073 1043 4139 existimamus.
1089 4074 1134 4139 Iu
1163 4074 1248 4139 calce
1278 4072 1355 4139 libri
1371 4095 1393 4136 u

233 4186 303 4229 cum
326 4163 464 4244 virtutes,
488 4163 601 4244 quibus
623 4163 793 4228 mouaobos
812 4161 988 4228 Bobienses
1009 4163 1065 4227 sub
1088 4168 1219 4243 utroque
1243 4164 1355 4227 abbate

234 4254 399 4318 abundare
432 4251 565 4330 uiderat,
604 4258 669 4315 tum
702 4258 855 4316 extremos
888 4251 1008 4316 balitus
1041 4251 1183 4330 fratrum
1217 4249 1355 4329 feliciter

234 4339 446 4404 decedentium
488 4338 655 4420 ditiqcuter
692 4339 877 4422 descripsit,·
919 4339 1031 4424 mortis
1072 4346 1176 4405 autem
1212 4338 1355 4418 Bertulfi

234 4427 422 4492 mentionem
444 4427 567 4491 nullam
588 4427 673 4509 fecit,
697 4428 765 4493 uisi
785 4428 895 4509 fallor,
917 4428 995 4510 quia
1017 4427 1148 4493 iuterim
1169 4427 1207 4492 in
1235 4426 1356 4492 Galliis

234 4515 422 4596 caqabatur.
457 4514 727 4580 Pretiosissimam
742 4516 858 4599 procul
876 4517 970 4582 dubio
985 4516 1062 4582 libri
1077 4515 1211 4582 alterius
1226 4522 1356 4598 partem
1372 4538 1393 4578 n

235 4603 372 4668 historia
394 4603 542 4668 Eustasii
564 4604 674 4685 efficit.
721 4607 813 4671 Hace
835 4628 856 4670 a
879 4605 1147 4687 Burqundofara,
1171 4607 1208 4670 de
1231 4626 1297 4686 qua
1319 4603 1356 4668 in

235 4692 491 4774 subsequentibus
513 4715 546 4758 se
568 4700 779 4760 narraturum
802 4715 868 4759 esse
897 4699 1006 4759 auctor
1030 4695 1060 4776 I,
1078 4701 1129 4758 26.
1149 4692 1354 4775 promiserat,

236 4788 265 4848 et
286 4782 327 4846 ab
349 4781 474 4863 oriqr'nc
495 4782 682 4849 monasterii
705 4782 933 4848 anriacensis
955 4781 1088 4864 incipit,
1110 4788 1286 4865 sequuntur
1307 4801 1356 4846 ea·

230 4870 409 4953 peditioues
431 4873 476 4936 ad
498 4873 744 4955 propaqaudam
767 4873 863 4951 fidem
886 4870 1098 4937 christianam
1120 4870 1157 4935 iu
1179 4868 1357 4943 Baioarios

236 4959 380 5042 aliasque
400 4966 507 5041 pentes
524 4961 649 5041 factae,
672 4959 807 5042 denique
824 4959 1002 5026 discordiae
1017 4959 1232 5043 Aqrestiauae
1250 4957 1357 5039 fusius
1371 4980 1393 5020 ι

236 5049 364 5113 relatae.
412 5048 535 5132 Synodi
557 5048 645 5113 illius
668 5048 887 5114 celeberrimae
909 5048 1163 5114 Matisconeusis
1191 5071 1221 5114 a.
1243 5044 1355 5127 osolt,

237 5220 595 5290 1)V.auumo.1,s.1s.
668 5220 920 5290 2)lo.1,27.28.
984 5219 1186 5291 s)1o.1,17.
1260 5225 1289 5291 4)
1313 5222 1355 5277 m.

238 5290 277 5358 ιι,
290 5293 316 5345 s.
387 5293 416 5357 c)
436 5292 481 5345 so.
495 5293 537 5356 11,
549 5294 575 5347 o.
