3184 6800
455 1280 581 1351 Ionas,
593 1281 715 1337 VITAE
733 1281 961 1338 OOLUMBANI
978 1282 1086 1338 LIBRI
1103 1283 1142 1341 H.
1304 1289 1355 1343 11e

237 1462 354 1543 Neque
386 1484 459 1529 aero
488 1486 594 1529 omnes
622 1486 703 1546 quae
731 1463 769 1528 iu
791 1464 856 1527 As
887 1472 1055 1530 occurrunt
1083 1465 1227 1531 lectiones
1256 1468 1355 1533 bonae

237 1557 335 1616 notae
362 1560 445 1634 sunt
476 1575 493 1618 e
521 1554 608 1633 fonte
637 1553 750 1635 optino
779 1554 986 1634 depromptae,
1017 1556 1073 1618 sed
1099 1554 1215 1620 multae
1237 1555 1284 1620 ibi
1306 1558 1354 1621 de

231 1640 479 1720 mebeuduntur
508 1642 713 1707 correctiones
746 1641 951 1722 arbitrariae,
985 1642 1076 1706 inulti
1109 1642 1224 1725 hiatus,
1256 1665 1354 1726 neque

239 1727 499 1810 interpolationes
528 1733 649 1796 desum.
701 1730 746 1795 In
775 1731 876 1795 lacurn
906 1730 1057 1812 Siaiberti
1089 1730 1173 1813 reais
1202 1731 1355 1799 librariae

206 1835 221 1873 ὁ
245 1816 477 1883 Oliildebertum
499 1818 676 1884 substituit:

287 1907 317 1987 I,
335 1912 365 1970 6.
412 1904 585 1992 Sigiberti]
602 1908 691 1989 rell,
708 1908 923 1974 Ohildeberti
937 1907 1008 1971 As.
1025 1907 1067 1971 3‘.
1085 1907 1119 1971 3·
1135 1929 1152 1973 c
1167 1907 1353 1991 coniectura,

244 2014 340 2075 quare
363 1995 459 2061 etiarn
480 2018 519 2061 ea
540 1996 709 2062 immutare
731 2002 855 2062 coactus
878 2002 930 2074 est,
955 2016 1034 2077 quae
1053 1998 1090 2061 ote
1108 1996 1233 2079 rsaibus
1248 1998 1354 2064 Fran·

246 2103 348 2148 cuum
370 2084 465 2164 infra
486 2086 589 2151 relata
611 2091 721 2150 erant:

287 2172 317 2254 I,
336 2179 387 2237 18.
413 2174 604 2257 Sigibertus
628 2175 766 2251 etenim,
799 2174 896 2238 cuius
919 2174 1075 2257 superius
1097 2175 1242 2239 fecimus
1265 2196 1354 2241 men·

219 2278 238 2315 1⁰
454 2262 594 2343 tionem]
619 2263 795 2347 Siquidem
819 2263 1010 2346 Sigibertus
1033 2284 1092 2328 rex
1108 2262 1141 2327 A
1153 2269 1183 2328 3.
1201 2270 1243 2326 3‘.
1261 2261 1309 2341 3·;

322 2349 364 2415 ib.
411 2352 594 2437 Perempto
623 2354 741 2435 itaque
772 2352 954 2434 Sigiberto,
986 2350 1229 2417 Ohildebertus
1262 2352 1353 2417 filius

450 2435 535 2524 eius]
545 2442 628 2506 Post
638 2462 740 2524 quem
749 2441 841 2505 filius
851 2442 924 2505 eius
932 2439 1251 2506 OhildebertusAss.
1260 2439 1302 2505 3‘.
1311 2435 1353 2504 3⁸.

250 2526 295 2592 Ne
315 2528 590 2611 Merouinaorunr
611 2528 737 2612 quiden
759 2528 889 2609 stirpem
909 2527 1063 2593 intactarn
1085 2528 1231 2610 reliquit:

287 2616 385 2697 Lus.
409 2613 643 2701 Mervengum]
680 2638 716 2683 se
751 2613 827 2695 (orn.
861 2612 951 2701 A3*)
987 2638 1100 2700 regem
1131 2618 1208 2681 Aa.
1232 2616 1289 2699 32·
1320 2624 1355 2683 at

214 2717 233 2756 ¹⁶
452 2728 569 2790 regem
591 2708 817 2790 Mervengum
840 2706 873 2771 A
886 2707 927 2769 3¹.
944 2701 998 2770 3‘*.

244 2798 333 2874 atque
349 2794 517 2875 mearum
538 2794 585 2859 ibi
606 2796 797 2875 sublaturus,
824 2793 879 2858 nbi
902 2793 1037 2860 activum
1060 2793 1243 2875 requiritur,
1267 2814 1353 2859 occa-

207 2946 211 2949 .
241 2880 346 2946 udum
369 2882 510 2948 alienum
533 2884 631 2948 teutru
652 2883 780 2948 intulit:

286 2970 315 3052 I,
331 2977 382 3035 19.
398 2968 592 3056 oraturque]
602 2969 953 3057 Alloquitnrque]que
964 2966 1186 3056 onr.A3*]A3.
1197 2970 1237 3037 3‘.
1247 2967 1299 3036 3¹*.
1309 2970 1351 3034 3⁴.

245 3059 335 3139 Quod
355 3060 431 3124 As.
449 3060 482 3124 3*
504 3083 572 3126 una
595 3082 664 3127 curn
686 3061 751 3125 Aa
774 3063 879 3126 eastern
901 3061 966 3125 loco
988 3059 1098 3125 biaut:

197 3162 214 3200 ⁰
287 3148 316 3229 I,
334 3156 386 3213 17.
402 3150 584 3235 imperavit
597 3147 718 3234 [sancti
728 3150 986 3233 -temperavit
999 3170 1056 3213 orn.
1066 3147 1225 3213 A2.3.3¹.
1235 3143 1351 3232 3‘*.a‘]‚

239 3256 311 3301 arm
326 3239 422 3303 cerba
437 3259 501 3320 per
518 3239 774 3304 bornoeoteleuton
792 3238 909 3303 ornissa
924 3237 1099 3319 urounqui
1116 3236 1219 3318 buius,
1238 3236 1355 3303 scilicet

238 3325 338 3391 Aac.
362 3347 387 3405 c,
418 3326 593 3409 exhibeant,
625 3348 808 3392 cousensurn
830 3327 960 3408 fortuito
983 3326 1148 3409 conticisse
1170 3325 1352 3391 enistirnern.

241 3413 446 3481 Necessitudo
465 3438 538 3482 aero
554 3439 623 3482 curn
639 3418 737 3482 classe
751 3415 785 3480 B
800 3416 995 3482 intercedens
1017 3417 1064 3480 cel
1085 3417 1197 3481 mendo
1219 3417 1354 3497 quadarn

243 3503 399 3569 wmmnni
420 3507 645 3585 confirmatur:

197 3602 224 3645 ὓ
285 3593 386 3675 Lao.
410 3616 509 3679 quem
535 3597 691 3679 superius
715 3590 895 3676 direxerat]
921 3616 951 3677 q.
976 3615 1002 3658 a
1027 3595 1160 3658 dixerat
1189 3588 1352 3678 (dixeram

453 3684 529 3748 Aa.
547 3691 587 3746 3‘.
606 3680 660 3749 3‘*.
683 3678 780 3766 Blb]
804 3684 878 3747 Ae.
902 3683 999 3747 Bla.
1017 3684 1044 3748 b.
1061 3689 1096 3760 2;

245 3767 278 3834 in
297 3791 331 3834 eo
354 3770 441 3836 enirn
462 3792 502 3836 eu
522 3793 583 3853 quo
599 3773 740 3854 pudent
760 3771 934 3852 sumpturi
952 3773 1085 3836 dixerat
1101 3791 1164 3852 pra
1183 3772 1353 3836 direxerat

249 3859 392 3940 suintune
413 3881 479 3926 esse
493 3867 592 3942 patet.

349 3947 472 4014 Classis
490 3950 564 4031 A4,
588 3951 633 4014 aol
654 3970 749 4030 quarn
771 3948 1020 4014 euarninaudacn
1042 3969 1156 4012 nonum
1178 3946 1353 4011 subsidium

226 4036 325 4102 rnen
346 4058 465 4118 sumus,
496 4045 583 4102 eruto
605 4037 687 4103 libro
709 4038 741 4101 A
754 4045 806 4118 Aa,
838 4039 882 4102 aol
907 4043 1022 4101 teuturn
1044 4037 1265 4101 recensendum
1287 4056 1352 4100 non

250 4125 316 4190 ideo
344 4125 438 4205 facit.
483 4126 535 4191 De
564 4148 601 4191 ea
631 4126 716 4191 enirn
744 4125 812 4191 ianr
839 4125 922 4190 idern
950 4124 1115 4189 dicendum
1144 4123 1293 4204 estquod
1315 4125 1352 4188 cle

250 4212 336 4279 lasse
358 4215 393 4278 A
408 4220 453 4280 lc·
477 4216 507 4296 d,
542 4215 661 4280 scilicet
683 4216 744 4279 cluo
767 4216 916 4280 elementa
938 4214 975 4278 in
997 4234 1035 4278 ea
1064 4211 1225 4292 coaluisse,
1260 4217 1352 4292 atque

249 4301 386 4384 reliqniis
406 4303 596 4386 amulcus
621 4325 643 4386 y
664 4305 761 4368 inulto
784 4305 895 4384 plures
923 4301 1078 4384 oppositae
1107 4307 1181 4366 suut
1209 4299 1352 4366 lectiones

248 4389 349 4456 elassis
371 4391 448 4473 Aa,
471 4391 519 4458 ita
541 4399 577 4458 ut
597 4393 663 4455 As
686 4413 751 4457 non
772 4393 872 4456 saturn
896 4413 965 4456 min
986 4390 1019 4455 A
1032 4397 1061 4471 3,
1091 4391 1146 4454 sed
1167 4388 1261 4454 etiarn
1283 4409 1353 4454 curn

224 4479 328 4545 eAlc.
345 4482 379 4545 d.
396 4486 426 4545 2.
446 4487 489 4546 2a
517 4480 745 4546 necessitudine
774 4481 913 4562 quadarn
936 4479 1103 4544 coniuncta
1132 4477 1182 4543 sit.
1228 4477 1353 4543 Meuia

248 4573 340 4632 autem
358 4568 397 4633 in
411 4590 450 4634 ea
466 4569 740 4650 deprehenduntur
755 4590 825 4633 men
840 4567 1019 4634 communia
1034 4567 1187 4633 libroruin
1202 4567 1234 4630 A
1245 4572 1275 4629 2.
1292 4571 1353 4630 ta:

283 4656 312 4736 I,
329 4663 360 4724 3.
386 4653 597 4740 exaestuans]
624 4660 705 4722 dum
729 4659 803 4723 aaa.
828 4657 861 4722 A
873 4665 902 4722 2.
921 4664 972 4720 2a.
990 4661 1020 4720 4.
1038 4662 1099 4737 4a;

283 4745 313 4825 I,
330 4751 361 4808 4.
386 4742 616 4830 carinamque]
641 4749 791 4811 carinam
816 4767 918 4830 quam
941 4746 974 4808 A
988 4751 1017 4808 2.
1037 4752 1089 4809 2a.
1105 4751 1136 4808 4.
1153 4749 1205 4824 Aa,

198 4854 199 4860 ¹
249 4836 305 4897 am
319 4834 494 4916 precum
516 4856 554 4900 ea
577 4835 690 4916 quibus
712 4837 797 4899 solus
821 4836 908 4899 Ata
930 4833 1119 4915 inquinatus
1141 4838 1203 4897 est:

218 4939 238 4979 ω
286 4921 361 5002 I,l.
386 4919 593 5009 linquerent]
618 4924 816 5008 linguerent
838 4924 871 4986 A
884 4930 926 4988 2a
951 4919 1014 5003 (pr.
1038 4920 1106 5002 ru).
1132 4927 1194 5001 Aa,

285 5010 315 5092 I,
331 5017 361 5075 5.
386 5013 548 5077 humiliat
558 5014 767 5078 exaltabitur
778 5008 872 5089 (Luc.
882 5019 932 5089 14,
942 5006 1007 5093 ll)]
1021 5008 1351 5076 exaltathumiliabi·

450 5105 510 5166 tur
522 5099 611 5181 (item
622 5122 661 5166 eu
672 5101 839 5182 Subitam
851 5099 962 5181 sacra)
972 5100 1064 5163 Aua.
1077 5103 1108 5160 4.
1120 5104 1164 5162 4a
1176 5095 1350 5179 (nonAa),

250 5184 329 5268 ique
348 5188 434 5254 solus
456 5189 603 5254 lemmata
626 5211 650 5254 c.
669 5195 722 5254 28.
740 5196 780 5254 29
806 5211 875 5254 curn
890 5189 922 5251 A
935 5195 978 5252 4a
1001 5185 1194 5252 consentiens
1216 5205 1272 5249 suo
1288 5185 1352 5248 loco

252 5274 336 5342 aaut
361 5283 392 5342 et
417 5279 463 5344 ad
487 5277 706 5360 subsequentia
728 5277 856 5343 rettulit.
907 5278 1021 5342 Tactus
1046 5274 1189 5340 laterculi
1216 5273 1355 5355 capitum
