3184 6800
330 1350 349 1401 2
542 1345 669 1414 IONAS,
681 1344 804 1400 VITAE
824 1344 1052 1400 COLUMBANI
1069 1343 1179 1398 LIBRI
1196 1344 1237 1403 H.

330 1530 470 1594 nendum
487 1528 588 1609 plane
610 1527 780 1592 extinctum
804 1533 881 1607 erat,
905 1527 987 1592 sicut
1008 1548 1047 1591 ec
1068 1527 1105 1592 V.
1124 1526 1292 1592 Desiderii
1314 1525 1457 1609 episcopi

338 1616 529 1683 Viennensis
562 1616 668 1698 collipi
702 1616 773 1683 licet
783 1617 803 1696 1,
841 1615 900 1679 etsi
933 1615 1138 1697 componendi
1174 1616 1315 1695 facultas
1346 1636 1456 1696 paene

331 1711 512 1772 enaruerat.
558 1704 721 1770 Ecclesiae
756 1704 947 1770 Gallicanae
977 1704 1148 1770 senescenti
1177 1726 1276 1769 noeus
1305 1704 1456 1769 surculus

331 1794 450 1860 insitus
472 1801 611 1859 estmoe
634 1794 695 1859 lale
718 1793 856 1872 diffusus
878 1792 1137 1875 immiprantibns
1160 1793 1284 1859 Scottis.

249 1898 312 1947 ’aa
440 1882 703 1948 ‘Columbano
727 1884 803 1947 duce
825 1881 874 1946 cel
901 1881 1073 1947 Columha²
1099 1882 1261 1947 duodecim
1283 1880 1489 1946 monachisse

332 1972 462 2038 natione
492 1971 618 2052 Scotti4,
653 1991 734 2053 qnae
765 1991 843 2052 pens
877 1991 942 2035 nen
976 1977 1040 2034 tam
1072 1971 1212 2052 lepibus⁵
1245 1992 1341 2052 quam
1375 1969 1457 2049 fidei

333 2060 528 2127 christianae
550 2061 674 2139 feruore
696 2059 838 2141 reliquas
868 2065 942 2124 tnnc
971 2059 1060 2141 lance
1083 2061 1280 2141 praestabat,
1311 2058 1377 2124 oiri
1400 2061 1457 2123 ad·

332 2151 458 2214 modum
475 2155 642 2230 proiectae
660 2148 775 2213 aetatis
792 2169 832 2212 en
846 2146 1010 2213 Hibernia
1022 2149 1161 2228 profecti
1180 2151 1225 2212 ad
1238 2147 1458 2212 Britanniam

338 2238 499 2304 Gallicam
536 2239 739 2319 appulerant,
779 2237 884 2319 ibique
915 2236 1083 2318 paulisper
1119 2237 1286 2318 remorati,
1326 2239 1458 2300 tandem

339 2327 467 2392 Gallias
490 2326 580 2390 adire
610 2326 840 2391 constituerunt
861 2327 906 2389 ad
926 2346 1028 2390 mores
1049 2325 1213 2390 hominum
1235 2325 1456 2407 inquirendos,
1479 2351 1500 2389 a

333 2422 369 2480 ut
397 2415 427 2480 si
454 2414 588 2497 incenia
617 2413 829 2496 repperissent
858 2416 902 2478 eol
927 2415 1060 2478 salntem
1082 2414 1297 2496 recipiendam
1319 2413 1456 2493 habilia,

333 2503 450 2569 ibidem
466 2503 678 2584 consisterent,
698 2502 750 2567 sin
766 2502 868 2584 aliter,
886 2505 931 2568 ad
943 2502 1069 2567 uicinas
1083 2503 1230 2568 nationes
1244 2503 1458 2567 transirent⁶.

333 2592 421 2657 Erat
442 2598 546 2658 antem
572 2591 783 2657 Colnmhanns
806 2591 843 2656 in
858 2592 1063 2674 Lapenorum
1076 2592 1198 2670 sinibus
1213 2599 1317 2672 natus,
1342 2591 1459 2656 libera-

335 2681 417 2747 libus
440 2680 554 2746 litteris
577 2703 598 2745 a
624 2679 769 2762 pueritia
790 2701 888 2761 nsque
910 2681 955 2744 ad
978 2679 1103 2744 eirilem
1126 2686 1258 2746 aetatem
1280 2679 1457 2760 institutus,

336 2839 363 2907 1)
384 2837 425 2902 Cf,
445 2837 492 2892 SS.
511 2838 545 2895 R,
564 2837 663 2890 Meroe.
676 2836 732 2902 ΙΙΙ,
747 2852 776 2902 p.
791 2837 852 2890 620.
883 2838 965 2888 Artes
982 2836 1168 2888 Romanorum
1185 2837 1308 2888 urbanas
1326 2839 1460 2902 inprimis
1479 2848 1500 2886 15

335 2912 364 2961 in
384 2909 475 2960 Gallia
493 2909 646 2959 meridiana
669 2908 772 2959 diutius
790 2908 955 2973 marasse
980 2910 1083 2959 mouerit
1100 2908 1138 2961 H.
1157 2908 1285 2972 Zimnur,
1304 2897 1391 2958 ‘dher
1416 2909 1460 2959 die

336 2981 491 3045 Bedeutuna
527 2980 571 3029 des
607 2978 723 3029 irisehen
758 2978 893 3030 Elements
928 2979 980 3042 fiir
1016 2978 1057 3030 die
1093 2979 1312 3030 mittelaltcrliche
1349 2979 1458 3030 Cultar‘

336 3049 721 3116 (‘Preussiscthahrbrlchcr'
736 3051 813 3114 1887,
833 3049 910 3115 LIX,
928 3067 954 3116 p.
967 3051 1100 3113 27-59).
1161 3052 1189 3117 2)
1217 3050 1332 3116 Utraque
1349 3052 1460 3102 nomine

337 3122 421 3173 Ionas
439 3122 469 3170 in
484 3120 515 3174 V.
536 3119 591 3172 Col.
609 3119 633 3184 I,
653 3121 685 3172 2:
709 3116 894 3171 Columbanus
919 3118 966 3186 qui
991 3123 1020 3171 et
1038 3118 1173 3172 Columba
1197 3126 1221 3172 et
1238 3122 1263 3187 I,
1284 3124 1333 3175 17:
1358 3121 1459 3172 beatus

337 3190 422 3259 igitur
441 3189 635 3256 Columbanus,
660 3187 747 3242 isdem
766 3188 909 3258 Columba,
935 3191 1007 3242 alias
1023 3193 1100 3242 modo
1118 3192 1174 3257 hoc,
1199 3193 1341 3244 modaitio
1358 3195 1458 3247 utitur.
1478 3203 1501 3241 20

334 3263 454 3315 ¹Sanctus
472 3264 528 3327 ipse
546 3264 575 3311 in
596 3262 717 3328 epistulis
741 3263 800 3313 suis
822 3277 917 3313 nomen
935 3262 1077 3313 Columbae
1101 3266 1258 3329 anteposuit,
1285 3264 1356 3329 quod
1374 3264 1461 3315 Ionas

337 3334 466 3397 hebraice,
486 3333 624 3384 Peristera
639 3348 733 3397 praece
753 3333 874 3385 reddidit
891 3333 969 3398 (MC.
988 3332 1041 3399 Ep.
1060 3332 1116 3399 ΙΙΙ,
1132 3352 1160 3402 p.
1174 3336 1239 3394 176)
1256 3336 1390 3401 latinmue
1409 3337 1460 3384 im-

338 3408 449 3457 mutavit
466 3406 496 3455 in
508 3404 671 3455 Palumbum
688 3404 736 3469 (ib.
750 3421 780 3471 p.
795 3406 870 3470 170),
886 3405 933 3456 scd
949 3407 979 3456 in
996 3421 1053 3456 una
1071 3421 1165 3457 earum
1182 3421 1264 3472 caque
1278 3408 1461 3458 eduamsima

338 3492 431 3529 namn
455 3477 618 3528 concutitur
635 3474 682 3539 (ib.
697 3493 727 3542 p.
748 3477 812 3534 156)
831 3476 978 3541 ‘Barpoma
1002 3478 1064 3527 cilis
1087 3477 1225 3543 columba’,
1250 3480 1270 3528 i.
1289 3493 1309 3530 e.
1328 3478 1461 3529 Bariana

339 3548 386 3613 fil
393 3550 450 3599 ius
477 3546 624 3612 Columbae,
649 3561 731 3611 neque
755 3547 845 3613 Ionas,
872 3550 912 3597 ita
936 3553 968 3597 nt
989 3553 1069 3614 pater
1092 3549 1180 3614 ipsius
1198 3548 1338 3599 Columbae
1361 3564 1461 3600 nornen
1478 3558 1502 3597 ee

284 3640 291 3653 ·
338 3619 432 3670 tulisse
458 3618 589 3681 eideatm,
616 3632 756 3683 ecrousqm
780 3620 829 3683 qui
850 3620 875 3669 ei
896 3620 967 3670 iuste
991 3620 1051 3670 iare
1071 3619 1259 3671 attribuuntur
1277 3618 1324 3688 (ib.
1339 3635 1368 3684 p.
1392 3622 1460 3677 182)

340 3688 507 3741 acrostichon
533 3688 671 3752 efficiunt:
700 3686 885 3740 Columbanus
909 3687 1049 3743 Hunald0.
1087 3690 1153 3741 Cum
1179 3692 1265 3756 ipitur
1288 3705 1344 3741 non
1369 3692 1461 3742 selum

340 3760 514 3826 biepraphus,
539 3760 584 3810 sed
607 3761 688 3810 etiam
704 3765 813 3810 sanctas
831 3762 887 3827 ipse
904 3766 1046 3826 utrumque
1063 3776 1157 3812 neuun
1176 3761 1358 3824 adhibuerint,
1386 3777 1460 3811 cum·

339 3831 450 3898 quelle
470 3829 595 3881 Columba
612 3832 770 3896 nuncupari
786 3836 897 3896 maneat
914 3833 971 3882 nisi
987 3832 1079 3882 addito
1096 3833 1218 3885 vocabulo
1235 3834 1348 3897 iuniore,
1374 3838 1407 3882 ut
1425 3833 1460 3885 ab

339 3902 431 3954 abbate
448 3902 555 3966 Hpcnsi
570 3902 673 3953 seniore
697 3903 892 3968 distinpuatur,
921 3903 1044 3967 mplectis
1068 3905 1244 3954 recentiorum
1268 3903 1347 3955 rebus
1371 3906 1460 3969 noeis,
1479 3912 1502 3951 sc

339 3988 433 4026 mmen
453 3971 614 4023 Columbani
637 3978 697 4023 ante
722 3972 769 4023 hos
794 3988 881 4025 annos
897 3974 984 4026 solum
1002 3976 1133 4025 mdatum
1150 3989 1257 4025 screare
1274 3976 1359 4025 cisum
1378 3982 1419 4026 est
1437 3980 1461 4025 et

339 4044 448 4097 Funhio
465 4044 549 4107 (‘Zur
569 4042 659 4094 Gesch.
678 4044 727 4095 der
747 4043 929 4095 altbritischen
946 4044 1066 4109 Kirche’,
1088 4044 1301 4111 ‘Kirchenaesch
1319 4044 1460 4099 Abhaudl.

339 4117 396 4169 aud
420 4114 587 4167 Umcrsuch!
605 4115 629 4179 I,
647 4116 712 4182 430)
731 4121 754 4165 et
771 4115 847 4169 mihi.
933 4116 960 4181 3)
988 4116 1017 4166 E
1032 4116 1128 4182 quibus
1145 4116 1218 4167 seim
1235 4122 1369 4168 natusest
1388 4118 1462 4169 alter

341 4186 526 4251 Columbanus,
553 4201 629 4251 auen
656 4201 689 4237 aa
715 4187 803 4238 eodem
829 4200 923 4252 parere
950 4202 1052 4253 unoque
1079 4193 1223 4238 commeatu
1250 4193 1273 4237 ct
1298 4189 1406 4239 nomine
1428 4204 1462 4239 m

339 4258 474 4309 Hibernia
490 4258 647 4323 processisse
664 4257 756 4323 Ionas,
776 4257 808 4309 V.
826 4257 941 4315 Celumb.
960 4258 984 4322 Ι,
998 4260 1041 4323 17,
1059 4258 1169 4312 rettulit.
1199 4258 1344 4309 Praeterea
1356 4258 1462 4311 Scottos
1479 4266 1502 4306 ot

338 4331 487 4381 mminaoit
512 4328 755 4379 eFontanensibus
772 4328 909 4379 monachis
934 4328 983 4379 hos
1002 4328 1180 4394 Comininum,
1198 4330 1346 4394 Eunaeum,
1365 4328 1462 4395 Equo·

339 4414 451 4462 nanum,
464 4398 528 4448 dum
540 4403 669 4463 quartum
684 4398 846 4463 Curpanum
857 4415 950 4465 aenae
961 4400 1112 4451 Brittoucm
1123 4403 1208 4465 tuisse
1220 4402 1347 4465 affirmat
1359 4400 1392 4466 (c.
1405 4402 1460 4467 13).

340 4470 369 4520 E
385 4468 522 4521 sodalibus
535 4468 693 4520 Columbani
710 4468 784 4535 lenpe
801 4471 970 4522 clarissimus
983 4470 1079 4522 Gallus
1096 4472 1144 4523 ille
1159 4478 1203 4536 est,
1222 4474 1299 4522 cutus
1315 4473 1387 4522 vitas
1400 4472 1461 4526 Ser.

338 4556 394 4598 rer.
413 4539 512 4593 Meroe.
531 4539 583 4603 IV,
605 4556 633 4604 p.
653 4541 816 4595 229-337.
836 4541 973 4595 edidimus.
1010 4540 1130 4608 Denique
1154 4544 1241 4608 ipsius
1264 4544 1368 4595 comites
1394 4559 1461 4593 enn-

340 4611 466 4663 merandi
481 4614 544 4661 sunt
561 4610 711 4662 Antiernus
728 4615 761 4677 (c.
782 4613 839 4676 11),
864 4612 926 4663 Lica
950 4618 974 4663 ct
991 4612 1148 4675 Potentinus
1170 4615 1204 4677 (c.
1223 4615 1280 4678 21),
1306 4616 1359 4664 siee
1377 4613 1464 4666 Scotti
1479 4622 1503 4661 cc

340 4687 426 4747 cram,
445 4683 497 4733 siae
514 4696 576 4733 non.
656 4683 685 4749 4)
707 4683 750 4746 Cf.
769 4683 873 4734 Adami
890 4685 970 4735 Costa
988 4682 1131 4735 Hammab.
1150 4686 1208 4737 eccl.
1226 4686 1323 4749 pordit.
1342 4685 1396 4749 IV,
1412 4687 1462 4740 10:

339 4751 514 4821 Hybernicm
538 4749 684 4804 Scotorum
708 4752 836 4820 patriam,
861 4770 932 4820 quae
956 4771 1029 4807 nunc
1053 4752 1149 4806 Irland
1173 4753 1281 4809 dicitur.
1371 4756 1401 4821 5)
1430 4756 1462 4809 V.

342 4825 458 4877 Columb.
476 4823 500 4888 Ι,
518 4825 545 4878 2.
636 4825 662 4891 6)
688 4823 728 4875 Ib.
747 4825 771 4888 Ι,
789 4826 815 4878 4.
854 4825 1010 4891 Quaeritur,
1036 4831 1130 4876 utram
1151 4829 1252 4877 vicinae
1276 4828 1401 4877 nationes
1420 4829 1463 4879 in-

341 4896 499 4961 telleaendae
522 4900 585 4945 sunt
609 4894 762 4946 Alamanni
789 4896 889 4962 aliique
910 4899 1019 4963 poponi
1041 4912 1078 4948 an
1102 4898 1180 4962 Itali,
1205 4899 1273 4948 sicut
1298 4898 1331 4950 A.
1351 4897 1463 4964 Hauclc,

341 4965 555 5032 ‘Kircheupeseh
584 4964 789 5017 Deutschhrnds’
812 4967 836 5033 I,
861 4983 891 5033 p.
910 4970 962 5022 263
970 4966 988 5033 ³,
1019 4970 1121 5019 statuit.
1167 4969 1241 5020 Certe
1269 4969 1462 5036 Columbanns,
1481 4978 1504 5019 4⁵

341 5043 483 5105 antequam
501 5036 613 5087 Italiam
635 5038 754 5089 adeundi
776 5039 918 5089 consilium
942 5040 1009 5105 cepit
1026 5040 1042 5105 (
1044 5039 1074 5091 V.
1094 5038 1208 5094 Columb.
1227 5040 1252 5105 I,
1271 5042 1329 5103 25),
1356 5042 1464 5106 ‘pentec'

341 5126 368 5162 se
380 5111 553 5159 visitaturum
565 5115 671 5159 emerat
683 5108 759 5177 (MC.
772 5108 825 5176 Ep.
838 5110 895 5175 ΙΙΙ,
910 5126 940 5175 p.
955 5111 1029 5173 167),
1048 5126 1157 5176 mmque
1169 5112 1319 5177 ‘proximas
1331 5112 1464 5166 nationes'

346 5180 538 5232 theudebertus
571 5180 597 5229 ei
622 5180 659 5230 ad
680 5178 897 5245 praedicandum
924 5180 1059 5232 obtulisset
1086 5181 1133 5246 (V.
1162 5181 1277 5239 Columh,
1296 5182 1321 5248 I,
1340 5184 1396 5250 27),
1428 5186 1466 5236 aa

343 5257 465 5303 muctam
494 5250 587 5314 rediit,
618 5252 645 5302 si
672 5251 743 5314 forte
773 5254 868 5316 ‘pentes
896 5252 1009 5303 uicinas'
1038 5260 1185 5304 convertere
1214 5254 1327 5319 aalma,
1365 5257 1467 5309 scilicet

342 5323 517 5375 Alamannos.
1484 5338 1507 5379 bo
