3184 6800
317 1319 354 1375 84
529 1310 654 1380 10NA8,
667 1309 790 1368 vlm
809 1307 1038 1365 OOLUMBANI
1055 1308 1164 1364 LIBRI
1180 1308 1220 1366 11.

317 1503 348 1563 et
368 1495 544 1578 quaerum,
567 1495 652 1559 unde
674 1492 759 1559 lanc
780 1492 959 1558 litterarum
988 1491 1154 1558 scientiam
1183 1498 1328 1574 artesque
1356 1512 1520 1574 quan-

318 1585 459 1651 colebant
481 1582 658 1665 acceperint
681 1581 779 1647 Scotti
801 1581 838 1645 in
863 1587 999 1645 musso
1028 1582 1101 1646 orbe
1129 1580 1281 1662 depentes.
1335 1581 1520 1647 Fidesss

317 1672 497 1740 christiana
518 1671 624 1736 Roma
646 1670 693 1736 eis
714 1676 794 1735 certe
820 1670 921 1735 atlata
944 1674 997 1750 est,
1027 1668 1300 1750 caerimoniaeque
1322 1669 1520 1751 quibust-7

317 1763 487 1826 utebantur
515 1759 667 1826 obsoletae
695 1757 804 1824 nubis
831 1757 968 1824 socordis
995 1764 1070 1824 ante
1097 1757 1214 1824 ibidem
1243 1759 1435 1824 colebantur.

322 1847 451 1932 Opclum
479 1847 662 1931 paschalem
690 1868 780 1929 quem
813 1848 1021 1912 observabant
1052 1846 1138 1912 inter
1170 1867 1202 1910 a.
1233 1853 1435 1911 alr—342.
1490 1864 1503 1904 i

318 1937 440 2003 Romae
468 1943 505 2002 ut
536 1935 708 2019 leqitimum
741 1941 896 2017 receptum
928 1956 995 2000 esse
1027 1934 1241 2001 demorostrari
1250 1937 1270 2017 1,
1305 1956 1441 2017 morsque

316 2025 504 2107 retinebant,
527 2024 599 2090 licet
619 2023 703 2089 ratio
724 2025 894 2105 modiusque
914 2023 1045 2089 interim
1063 2045 1130 2089 non
1144 2024 1238 2089 semel
1250 2023 1298 2088 ibi
1312 2031 1436 2090 mutata

318 2121 428 2181 essent.
474 2113 527 2180 De
548 2112 630 2178 artis
653 2112 859 2195 picturaeque
880 2112 1006 2178 ratione
1033 2134 1098 2195 qua
1126 2113 1172 2177 ad
1198 2112 1319 2178 codices
1348 2133 1435 2178 eror-

317 2205 443 2268 nandos
464 2203 641 2283 utebantur,
663 2208 808 2267 monente
833 2201 949 2266 barum
977 2221 1084 2266 rerum
1112 2200 1204 2265 oiro²
1226 2200 1432 2282 pnitissimo,

317 2290 401 2357 idem
427 2290 593 2357 &mnan
621 2296 675 2371 est,
705 2289 825 2356 scilicet
852 2289 949 2355 etiam
976 2290 1060 2354 banc
1088 2312 1110 2355 a
1132 2289 1291 2356 Romanis
1315 2290 1434 2356 Sioua
1447 2309 1470 2349 ιο

318 2378 475 2460 didicisse,
498 2380 555 2445 sed
576 2377 791 2459 deficientibus
819 2377 968 2460 exemplis
994 2378 1217 2461 maqistrisque
1240 2385 1353 2460 postea
1382 2381 1434 2444 ab

232 2518 235 2523 .
318 2488 451 2549 errasse,
475 2467 660 2550 fortiterque
682 2488 762 2549 quae
783 2488 870 2533 nunc
895 2467 1010 2532 iterum
1034 2467 1197 2548 pullulare
1224 2466 1341 2548 incipit
1370 2466 1434 2550 opi·

317 2555 410 2622 niani
431 2577 566 2622 vesanae
588 2561 698 2621 auctor
711 2577 799 2621 meus
816 2555 943 2637 obstitit,
959 2555 1053 2637 quasi
1067 2575 1106 2621 ec
1121 2554 1263 2638 Acqppto
1277 2555 1435 2638 orrqinem

316 2643 389 2728 ipsa
412 2644 570 2710 rccuset.
613 2643 808 2728 Chirurqiae
829 2664 948 2727 quoque
963 2644 1118 2727 peritiam
1132 2646 1295 2726 quandam
1312 2642 1435 2709 Galum

317 2733 419 2799 banus
448 2733 595 2799 babuisse
622 2731 755 2814 ardetur,
785 2733 816 2798 si
843 2732 948 2816 ipsius
977 2733 1149 2815 bioqrapbo
1177 2732 1265 2798 credi
1292 2732 1348 2813 fas
1378 2739 1478 2815 estu

316 2821 451 2905 diqiturn
472 2821 620 2888 monacli
648 2821 732 2901 falce
760 2821 918 2888 abscisum
946 2822 1143 2904 frontemque
1171 2821 1306 2887 alterius
1334 2843 1435 2887 cuneo

317 2911 436 2976 laesam
458 2912 498 2975 ab
521 2932 556 2976 eo
578 2916 692 2976 curata
717 2911 814 2976 esset
858 2910 1007 2992 Denique
1034 2909 1102 2992 ipse
1130 2910 1268 2992 sociique
1296 2909 1367 2975 eins
1396 2911 1436 2976 de

316 2998 461 3065 societate
482 2998 626 3064 morano
647 2998 761 3080 optime
785 2999 892 3064 mmiti
920 3006 1004 3081 sunt,
1034 2999 1133 3065 soloas
1161 3001 1323 3064 caedentes
1350 3000 1435 3064 loca

315 3106 374 3168 que
403 3088 526 3152 deserta
555 3088 695 3168 colentes,
724 3093 761 3151 ut
788 3088 873 3153 culta
901 3087 1137 3154 mcesmtatibus
1165 3087 1315 3152 lomacio
1342 3092 1436 3154 terra

314 3173 383 3240 iam
404 3174 545 3240 serviret.
590 3174 779 3256 Rmommn,
803 3175 950 3257 Bobium,
975 3176 1009 3242 8.
1038 3176 1128 3242 Galli
1150 3175 1346 3241 monasteria
1375 3179 1436 3255 tto
1452 3198 1481 3238 so

314 3262 497 3328 certissima
519 3263 598 3345 quid
619 3270 693 3329 ante
708 3263 828 3331 Scottos
849 3265 981 3346 fuerint,
1004 3264 1087 3329 iusto
1101 3265 1174 3330 iure
1187 3265 1301 3347 quaeri
1318 3271 1433 3347 potest,

315 3371 558 3435 responsumque
579 3351 728 3435 optimum
750 3352 927 3420 reddidisse
950 3353 1031 3419 mibi
1059 3353 1184 3420 uidetur
1204 3353 1257 3419 oir
1277 3353 1333 3419 illc
1362 3355 1435 3421 doc

315 3438 457 3506 tissimus
489 3461 527 3507 ea
560 3444 668 3507 eadem
699 3449 790 3525 pente
816 3444 1035 3525 proqnatus4:
1069 3443 1171 3523 Quid,
1208 3442 1323 3525 inquit,
1362 3445 1434 3509 nisi

314 3529 462 3595 latibula
496 3532 663 3609 terarum,
698 3553 786 3614 quus
820 3536 940 3616 postea
974 3553 1117 3597 amoena
1151 3537 1250 3598 eraut
1284 3534 1434 3597 humaui

315 3620 479 3684 consortii
513 3621 715 3697 diversoria,
745 3624 927 3704 postquam
958 3642 999 3686 ea
1027 3622 1137 3686 nostri
1166 3622 1283 3686 labore
1314 3626 1350 3685 et
1381 3622 1434 3686 in·
1451 3642 1479 3683 ss

315 3706 449 3772 dustria
472 3709 667 3774 exsolueret
714 3708 850 3793 Quippe
874 3710 1108 3774 Hibernorum
1130 3710 1229 3774 labor
1258 3713 1294 3775 st
1324 3712 1434 3793 parsi-

314 3797 430 3860 monia
452 3806 486 3862 et
509 3799 620 3881 pietas
643 3799 821 3862 hominum
846 3802 981 3863 traxere
1010 3799 1257 3881 frequentiam
1287 3798 1433 3865 scholas

313 3904 464 3949 amorem
499 3888 686 3961 auxerunt,
725 3886 927 3970 disciplinae
965 3888 1208 3964 reverentiam
1247 3887 1339 3952 unde
1380 3890 1433 3953 eis

313 3992 498 4057 eorumque
537 3974 714 4058 discipulis
748 3976 920 4039 commissi
954 3978 1036 4039 sunt
1070 3977 1145 4059 agri
1178 3975 1358 4041 excolendi
1395 3980 1433 4041 et

312 4061 418 4127 silvae
457 4064 682 4141 excidendae;
722 4066 900 4128 extructae
935 4067 1017 4127 sunt
1055 4066 1176 4128 domus
1211 4065 1432 4129 monasteriis
1451 4085 1478 4139 n

312 4152 540 4234 propinquum
566 4153 689 4217 deinde
712 4152 817 4217 villae
841 4151 1010 4236 paulatim
1040 4173 1190 4227 crevere;
1222 4155 1258 4217 et
1287 4152 1432 4217 demum

289 4239 588 4305 'immunitatibus
622 4241 726 4324 regiis
756 4241 1026 4324 opitulantibus,
1062 4241 1107 4304 ud
1141 4242 1321 4305 civitatum
1349 4242 1432 4307 iura

311 4329 347 4391 st
370 4328 557 4411 dignitates
581 4331 720 4393 evectae
742 4332 834 4393 sunt.

217 4455 292 4509 usn.
418 4432 529 4497 *Bella
562 4431 754 4498 Columbaria
785 4436 925 4516 perenda
953 4435 1086 4513 fuerant
1113 4441 1143 4499 et
1174 4434 1328 4500 intestina
1356 4456 1431 4501 oum

310 4520 404 4586 sociis
427 4527 456 4585 et
478 4527 609 4586 externa
631 4542 701 4586 oum
723 4522 884 4605 episeopis,
908 4543 1047 4605 quaeque
1069 4525 1125 4588 sub
1148 4523 1216 4605 ipso
1238 4531 1432 4589 exarserant
1448 4544 1476 4586 ss

309 4610 418 4675 cadem
439 4609 477 4674 in
499 4630 689 4675 successores
711 4631 779 4675 una
802 4632 871 4676 oum
893 4611 1017 4693 reliqua
1039 4611 1211 4677 hereditate
1236 4612 1429 4691 transfudit.

313 4696 376 4779 Qui
398 4718 468 4763 eum
490 4697 734 4779 difficultatibus
754 4720 821 4764 non
843 4700 948 4764 eodem
969 4702 1060 4765 modo
1076 4722 1179 4783 pares
1201 4706 1311 4781 essent,
1327 4702 1431 4767 tradi-

309 4923 336 4993 1)
357 4925 400 4978 ‘N.
413 4925 506 4979 Arcti!
519 4925 571 4989 IX,
585 4926 644 4984 167,
699 4927 726 4991 2)
744 4925 880 4993 Sprinqer
897 4927 970 4992 apud
985 4927 1076 4992 Laofs‚
1094 4928 1134 4978 De
1151 4928 1266 4994 antiqua
1281 4927 1431 4981 Britomum

308 4995 495 5062 Scotorumque
512 4997 626 5061 accinta,
646 4998 725 5062 1882,
741 5013 770 5062 p.
785 4999 844 5052 119.
878 4998 955 5048 Inter
972 5004 1057 5048 artem
1075 4997 1214 5049 Scattc'cam
1231 5003 1255 5049 et
1272 4998 1430 5052 Romanam

308 5068 522 5119 necessitudinem
547 5068 684 5134 quandam
708 5069 868 5119 intercedere
891 5069 932 5119 oel
955 5069 987 5121 F.
1014 5068 1053 5123 W.
1079 5069 1177 5134 Unqer‚
1202 5068 1254 5119 ‘La
1278 5072 1432 5124 miniaturc
1447 5088 1476 5128 so

307 5135 469 5189 Irlandaise'
494 5137 602 5203 (ffleoue
626 5138 741 5205 celttqnc'
766 5138 805 5192 cd.
833 5138 937 5190 Gaidoz
962 5141 1040 5202 1870,
1063 5157 1094 5206 p.
1112 5142 1210 5206 8sqq.)
1235 5154 1290 5191 non
1318 5144 1432 5196 annino

307 5210 419 5272 ncqaoit.
492 5206 521 5275 3)
546 5208 807 5273 V.ootumb.1,15.
879 5208 908 5278 4)
935 5209 1062 5274 (YConor,
1087 5210 1188 5261 Rerum
1212 5209 1431 5267 Hibernicarum

307 5278 450 5343 scriptores
467 5283 570 5344 ueteres,
590 5279 820 5346 Buclcinpbamiac
839 5282 917 5347 1814,
935 5281 959 5347 I,
974 5298 1004 5347 p.
1018 5283 1078 5335 225.
