3184 6800
397 1313 523 1384 mnes,
535 1312 656 1370 -vffle
675 1311 905 1370 coturnum
923 1313 1031 1370 LIBRI
1049 1312 1090 1372 II
1266 1319 1303 1373 88

179 1519 242 1582 qne
258 1517 322 1580 per
343 1496 493 1562 εᾱὲἰοτωκ
514 1495 686 1562 Redonum
709 1504 882 1580 conpertas
904 1496 1062 1577 habemus,
1085 1517 1175 1578 onem
1197 1499 1302 1562 eodem

181 1593 243 1654 ant
267 1585 432 1669 persimih
460 1585 633 1668 exemplari
661 1606 755 1650 usum
783 1605 850 1650 csse
877 1585 1005 1666 primus
1030 1585 1149 1666 norun,
1184 1585 1302 1667 haram

180 1674 313 1741 uncirris
334 1674 477 1740 numae
499 1673 655 1755 distnmi,·
676 1674 850 1739 nonnullae
867 1694 906 1738 ao
920 1673 1067 1739 Loulori
1088 1673 1170 1739 libro
1191 1673 1301 1754 didici,

175 1783 307 1847 paucas
328 1762 444 1828 litteris
465 1763 551 1828 dalis
567 1764 614 1828 ab
637 1763 805 1827 Edmondo
828 1762 1062 1828 bibliothecario
1083 1763 1198 1844 accepi.

148 1891 163 1932 s
292 1865 411 1953 A1a⁸)
451 1868 556 1935 occec
588 1867 880 1934 Einsidlensis
913 1891 946 1932 n.
970 1874 1044 1950 257,
1079 1890 1159 1934 saec.
1186 1869 1230 1950 X,
1265 1871 1303 1934 de

182 1958 276 2026 acius
298 1957 379 2038 falls
402 1958 462 2024 SS.
486 1957 528 2022 R.
552 1957 678 2022 Meros.
702 1957 776 2037 ΙΙΙ,
793 1963 869 2036 629,
893 1956 1040 2039 dissoni,
1058 1980 1094 2039 p.
1112 1964 1301 2040 237-296,

191 2049 228 2113 V.
250 2045 439 2114 Colunrbani
452 2067 523 2111 cum
538 2045 735 2111 carminibus
750 2045 895 2122 continet,
911 2047 968 2111 secl
981 2046 1151 2112 laternrlus
1165 2046 1303 2130 capitum

183 2135 289 2218 spatio
310 2133 419 2200 relicto
440 2134 650 2200 desideratur.

293 2224 325 2288 A
350 2222 438 2305 lo⁸⁸)
478 2222 583 2289 Ooderc
615 2222 817 2288 bibliothecae
850 2222 1134 2288 Liudcsianae
1169 2245 1202 2288 n.
1231 2229 1302 2305 101,

137 2336 164 2375 ιο
183 2333 265 2379 saec.
284 2312 329 2393 X,
352 2312 409 2391 fol.
426 2318 478 2393 42,
502 2333 524 2376 o
544 2318 694 2377 mmroua
717 2311 866 2396 Rylands
889 2308 1072 2394 (Lenpford
1093 2312 1184 2394 Hali,
1209 2313 1304 2378 Strot-

182 2401 265 2484 fora
283 2421 389 2486 prope
411 2399 645 2482 Marruuium)
669 2421 770 2483 norper
794 2399 978 2481 mqursitae,
1009 2407 1080 2465 erat
1101 2401 1186 2466 inter
1207 2400 1305 2466 libros

183 2511 263 2573 quos
289 2488 385 2554 Libri
413 2488 468 2554 illc
497 2489 641 2568 famosae
669 2487 838 2555 memoriae
868 2488 943 2552 olim
973 2489 1145 2572 oollcperat,
1175 2510 1305 2571 amnone

184 2577 371 2645 bibliotheca
399 2577 504 2662 ipsius
532 2601 565 2643 a.
592 2583 688 2643 1859.
720 2579 765 2643 ad
792 2577 918 2641 hastam
948 2578 1114 2659 accederet,
1145 2601 1167 2643 o
1196 2578 1248 2644 W.
1275 2583 1306 2643 et

188 2669 225 2733 Τ.
249 2666 412 2732 Bateuran
439 2673 561 2751 emptus
585 2673 639 2743 est,
669 2666 783 2732 deinde
811 2665 849 2729 in
878 2666 1026 2731 armaria
1048 2665 1171 2732 comnis
1198 2666 1304 2732 Oraia

136 2778 163 2818 a
182 2756 288 2838 fort1
309 2754 347 2821 in
368 2755 437 2822 meo
459 2755 573 2838 Haiph
589 2754 671 2821 Hali
688 2775 788 2838 prope
806 2753 928 2834 Wipan
946 2754 1180 2837 (Loncashirc)
1204 2774 1304 2820 asscr-

182 2851 262 2912 oata
291 2867 322 2910 a.
349 2850 445 2910 1893.
475 2843 615 2925 transiit,
646 2851 711 2910 tum
739 2844 777 2908 in
799 2842 1029 2925 possessionen
1051 2843 1198 2908 dominae
1219 2842 1306 2907 oenrt

183 2953 282 3016 onam
305 2931 384 2997 dici.
419 2933 654 2999 Praetermissa
676 2933 813 3017 epistula
831 2933 926 3017 codex
947 2933 984 2997 in
1002 2933 1152 2997 laterculo
1166 2931 1304 3013 capitum

184 3022 243 3102 sol.
270 3024 309 3085 l‘.
340 3020 474 3106 incipit:
502 3023 556 3086 IN
579 3021 767 3087 NOMINE}
795 3023 884 3089 DNI
912 3021 1160 3087 INCIPIUNT
1183 3021 1304 3085 OAPI·

183 3111 309 3176 TULA
334 3111 465 3175 LIBRI
489 3111 756 3190 SEQUENTIS,
780 3113 855 3176 olum
871 3109 1145 3194 praescriptiones
1166 3109 1305 3192 capr'tum
1429 3139 1431 3143 ’

135 3223 165 3263 so
184 3199 417 3280 desiderantur,
441 3220 540 3281 neque
561 3199 729 3281 quicquam
752 3201 888 3265 continet
906 3205 1037 3283 praeter
1058 3199 1175 3264 librum
1195 3197 1225 3262 Ι.

294 3304 481 3390 Scripturas
496 3304 654 3389 specimen
670 3301 711 3383 (c.
727 3304 761 3387 1)
778 3306 949 3388 Catalopus
964 3304 1165 3372 bibliothecae
1175 3304 1304 3369 Libria·

185 3417 248 3460 uae
272 3391 349 3473 (tab.
369 3393 491 3478 XXI.)
515 3393 638 3459 cohibet
659 3402 732 3461 teste
753 3395 800 3460 H.
820 3396 856 3462 J.
876 3396 1017 3477 Loulor,
1042 3394 1098 3476 qui
1117 3417 1151 3479 p.
1170 3402 1200 3458 6.
1224 3393 1304 3460 codi-

185 3505 251 3549 cem
273 3482 483 3549 minutisslme
505 3483 680 3567 descripsit.

294 3589 327 3654 A
348 3590 450 3673 1α*”)
486 3588 591 3656 Codex
619 3590 971 3673 Enpelbcrpensis
1004 3590 1190 3655 monasterii
1223 3612 1255 3655 n.
1284 3594 1303 3651 2

135 3701 165 3741 so
187 3679 301 3760 (antea
330 3700 362 3743 n.
390 3675 471 3763 ll4),
500 3700 581 3744 saec.
608 3680 696 3760 XII,
727 3681 783 3759 fol.
809 3679 1020 3760 usu—2642
1052 3680 1089 3744 V.
1118 3677 1306 3744 Columbam'

185 3789 255 3832 una
277 3789 348 3833 cum
377 3768 526 3833 laterculo
553 3767 691 3848 capitum
720 3767 844 3834 exhibet
871 3774 963 3850 atque
992 3767 1029 3833 in
1052 3766 1306 3849 praescriptione

186 3858 296 3922 eadem
325 3858 422 3921 uerba
444 3858 489 3920 ad
509 3855 586 3921 libri
609 3863 766 3922 auctorem
794 3857 973 3941 spectantia
1001 3856 1204 3938 reperiuntur
1226 3876 1306 3937 qnae

186 3946 224 4010 in
247 3945 281 4009 A
302 3952 355 4025 la,
386 3944 546 4009 salicem:
575 3946 634 4028 qui
664 3948 707 4011 de
737 3948 810 4011 viba
839 3950 943 4029 atque
972 3946 1160 4011 virtutibus
1194 3944 1306 4009 saneti

91 4047 97 4055 ‘
188 4035 396 4101 columbani
426 4033 562 4098 abbatis
592 4055 613 4097 a
636 4035 724 4100 Iona
745 4037 918 4119 quondam
946 4039 1167 4118 praeceptore
1192 4034 1306 4097 edituo

136 4144 167 4184 so
187 4127 251 4200 eet,
282 4143 381 4205 neque
409 4142 482 4187 uero
506 4143 575 4187 oum
596 4122 735 4203 pennino
757 4124 853 4188 huius
882 4122 958 4186 libri
980 4121 1064 4186 tectu
1087 4120 1230 4186 conuenit
1251 4121 1308 4185 sed

187 4232 259 4276 cum
282 4216 427 4291 correcto,
451 4209 498 4275 ito
520 4217 556 4274 ut
576 4210 655 4290 finis
678 4232 703 4276 c.
724 4218 782 4276 17:
806 4212 985 4291 Quomodo
1004 4211 1134 4275 bestiae
1157 4208 1305 4292 incipiat.

186 4299 322 4365 Mendis
344 4306 375 4364 ct
395 4297 472 4363 libri
494 4300 526 4363 A
542 4300 596 4363 lo*
620 4300 785 4365 nonnullis
806 4299 859 4365 hic
881 4301 976 4365 coclea
998 4297 1149 4363 immunis
1171 4304 1234 4363 est:

233 4408 264 4488 Ι,
284 4411 335 4470 17.
360 4401 527 4491 homines]
551 4412 584 4470 A
601 4408 685 4472 la...
710 4428 779 4471 cum
802 4406 891 4487 rell,
914 4408 1091 4471 hominum
1115 4405 1148 4470 A
1163 4404 1231 4484 la*;

255 4495 298 4561 ib.
360 4492 501 4580 suoque]
526 4497 558 4560 A
579 4496 663 4560 la...
687 4517 757 4561 cum
779 4496 869 4576 rell,
891 4499 927 4560 eb
950 4517 1012 4560 suo
1035 4496 1067 4558 A
1087 4494 1140 4559 lo*

136 4602 166 4644 so
186 4592 217 4651 et
240 4583 318 4649 libri
339 4584 372 4648 A
391 4584 461 4649 la**
485 4590 571 4649 caret
598 4583 905 4665 interpolationibus,
935 4583 1066 4648 minime
1088 4585 1210 4648 addens
1231 4588 1309 4666 post

185 4674 334 4759 imperio
358 4669 400 4752 (c.
420 4672 477 4754 17)
500 4673 596 4737 cerba
617 4695 687 4737 non
711 4678 763 4738 est
787 4673 968 4737 silendum.

295 4778 347 4843 De
367 4778 403 4843 V.
418 4778 560 4858 Bertulfi
575 4799 655 4860 quae
671 4785 840 4860 praetereo
854 4778 935 4843 libro
950 4778 1074 4843 inesto.
1091 4778 1184 4857 infra
1199 4779 1230 4841 A
1244 4780 1305 4843 lb⁹.

297 4884 444 4967 Inspeuit
473 4885 512 4950 P.
541 4884 717 4966 Greporius
739 4885 872 4950 Iacober
906 4885 940 4950 0.
974 4886 1008 4949 S.
1038 4884 1091 4964 Β,
1122 4883 1308 4948 monasterii

185 4972 455 5054 bibliothecarius,
479 4973 532 5039 oir
553 4973 843 5039 reverendissimus.

132 5167 165 5206 ιο
184 5148 219 5219 1)
243 5147 286 5213 Of.
310 5147 346 5202 12ss
371 5146 505 5215 Prteocch,
534 5148 671 5201 ‘Doutaohe
697 5146 761 5203 Hes.
788 5149 819 5200 in
845 5147 984 5214 cacano,
1011 5146 1160 5211 Er·lanpm'
1181 5147 1258 5211 1896,
1283 5145 1308 5211 I,

179 5237 214 5289 p.
236 5220 304 5281 189,·
328 5218 365 5274 K.
384 5218 499 5287 Hampo,
519 5220 562 5273 ‘N.
582 5218 675 5274 Arch.'
693 5218 791 5286 XXII,
813 5236 843 5286 p.
863 5220 923 5274 699.
1002 5217 1031 5287 2)
1051 5219 1093 5283 Cf.
1112 5218 1144 5271 B.
1165 5216 1307 5284 ocream,

184 5290 337 5356 Calbim·
354 5289 473 5343 codicum
491 5305 553 5346 mss.
572 5289 832 5356 Enpelborpmm‘um,
853 5291 931 5353 1891,
945 5305 976 5355 p.
989 5290 1013 5343 6.
1034 5290 1076 5344 11.
