3184 6800
469 1305 595 1375 lousa,
608 1305 731 1362 vrffls
747 1305 977 1361 OOLUMBANI
994 1305 1105 1364 LIBRI
1121 1307 1161 1365 Π.
1340 1314 1376 1369 5⁶

248 1488 351 1564 misit.
387 1489 503 1570 Inque
515 1487 711 1570 quaesiimus
720 1486 895 1570 paschalis,
911 1508 1007 1569 qnam
1021 1509 1152 1554 cansam
1161 1462 1376 1572 principalem

250 1577 460 1659 rolepationis
481 1576 586 1643 nuni
606 1576 709 1656 fuisse
730 1597 830 1658 supra
850 1577 1071 1654 demonstravi,
1095 1577 1133 1643 in
1154 1577 1223 1644 oito
1245 1579 1313 1644 aus
1335 1601 1376 1646 ne

250 1667 347 1731 uerbo
359 1665 487 1747 quidem
500 1665 690 1731 nientnnem
701 1665 779 1746 feeit
790 1685 891 1746 neque
905 1664 992 1730 inter
1001 1665 1220 1732 obiectationes
1230 1667 1376 1750 Aprestii

251 1776 325 1820 eam
346 1753 498 1835 admisit,
525 1753 656 1819 interim
684 1753 770 1819 enim
797 1760 829 1818 et
848 1752 1023 1818 Bobienses
1045 1761 1075 1819 et
1096 1755 1311 1820 Liaooienses
1332 1757 1378 1822 ad

219 1869 234 1909 ι
259 1842 397 1908 Viotorii
418 1864 547 1908 onrsnm
569 1843 754 1925 paschalem
776 1842 919 1907 oonoersi
941 1848 1042 1922 erant,
1073 1843 1250 1925 Ionamaue
1271 1844 1376 1926 ipsum

251 1931 340 1997 liano
372 1931 624 2014 appamiensi·
656 1937 795 1996 sonetum
828 1951 894 1996 esse
925 1951 963 1995 en
992 1932 1029 1995 V.
1060 1932 1221 1997 Iohannis
1249 1932 1377 1998 Reom¹

249 2019 363 2102 aalys·
390 2020 474 2085 boet.
515 2020 597 2084 Iam
628 2019 731 2085 aliam
765 2019 795 2084 ei
829 2040 959 2084 oausam
993 2021 1114 2101 (inpone
1145 2042 1268 2087 necesse
1296 2028 1374 2102 erat,

252 2130 385 2191 olimque
406 2108 444 2172 in
466 2108 503 2174 V.
526 2107 693 2174 Desiderii
714 2107 847 2190 lepissel,
870 2114 1009 2188 msam
1030 2108 1229 2174 crudelitatis
1249 2109 1376 2176 Bm

252 2196 370 2265 obildis
392 2196 514 2278 suisset,
543 2197 643 2262 eidem
666 2203 762 2262 totam
784 2197 910 2277 melpum
932 2196 1095 2261 attribuit:
1127 2199 1167 2263 ab
1197 2197 1270 2280 ipsa
1292 2198 1376 2263 enim

207 2313 235 2355 io
252 2285 415 2352 contendit
436 2285 521 2369 repis
543 2285 686 2351 animum
709 2284 746 2350 in
762 2290 907 2350 sonatum
928 2283 1125 2367 instipatum,
1145 2307 1293 2367 proceres
1314 2287 1376 2370 epi

251 2394 432 2458 scopaeque,
455 2381 492 2439 nt
511 2373 596 2440 idem
612 2375 764 2454 facerent,
788 2373 973 2438 sollicitatos
987 2394 1061 2438 esse.
1101 2375 1285 2454 Manifesta
1300 2376 1377 2442 baee

252 2463 325 2529 eius
339 2469 511 2529 aosnnienta
529 2462 633 2544 ipsius
654 2462 758 2527 saneti
780 2461 930 2544 epistulis,
954 2482 1036 2543 quas
1053 2464 1098 2527 asl
1115 2484 1174 2528 nos
1189 2464 1376 2546 peruenisse

250 2552 467 2634 protulimur,
501 2551 598 2631 faoile
630 2553 879 2633 redorpunntur.
926 2551 1078 2616 Sanctum
1108 2558 1212 2616 autem
1241 2574 1263 2615 a
1294 2573 1374 2635 repe,

252 2639 379 2722 repina,
403 2640 582 2706 mrstodibus
604 2638 764 2704 lenissime
785 2638 928 2703 habitum
949 2660 1024 2721 esse,
1048 2642 1096 2705 oet
1118 2661 1156 2704 en
1176 2641 1279 2705 Ionae
1301 2663 1375 2706 nar-

207 2754 235 2795 n
252 2728 381 2794 ratione
403 2727 604 2810 intellepitur,
634 2731 719 2792 unde
746 2727 941 2809 comparatio
967 2727 1070 2809 ipsius
1092 2749 1162 2793 oum
1185 2727 1376 2794 Desiderio²

261 2816 439 2883 Viennensi
460 2817 562 2882 risum
584 2823 691 2881 movet.
732 2815 916 2898 Suppressit
932 2815 1035 2897 etiam,
1059 2819 1211 2897 quomodo
1228 2816 1266 2881 in
1284 2838 1375 2899 quae

252 2905 357 2971 stione
393 2905 493 2971 trium
530 2905 740 2987 capitulorum
773 2904 952 2987 opinionem
985 2926 1077 2970 suam
1110 2911 1240 2970 sanetus
1266 2927 1376 2987 papae

254 2993 457 3076 opposuisset,
492 2996 568 3059 <lum
600 2993 705 3076 ipsun
738 3014 804 3058 non
838 2993 990 3074 relinquit
1022 2993 1178 3059 baeresim
1210 2992 1375 3059 Arianam

253 3082 534 3165 impnpnantem3:
556 3082 731 3148 Bobienses
752 3081 839 3147 enim
861 3081 1016 3147 sententia
1039 3089 1161 3147 mutata
1178 3082 1215 3147 in
1232 3081 1375 3165 qratiam

207 3197 237 3239 so
254 3170 342 3236 sedis
364 3171 554 3253 apostolieae
574 3170 704 3236 interim
721 3169 892 3251 redierant,
916 3177 951 3234 nt
965 3170 1109 3253 Aprestii
1127 3171 1375 3237 communionem

255 3281 327 3327 oum
365 3259 623 3341 Aquileiensibus
659 3258 728 3324 iam
763 3258 1009 3341 improbarent⁴.
1071 3259 1217 3341 Denique
1259 3259 1376 3325 Trebia

255 3355 495 3416 commemorato
510 3347 712 3416 Hannibalis
729 3347 855 3430 quidem
873 3369 954 3429 quae
970 3355 1046 3432 post
1061 3370 1208 3431 peronam
1229 3347 1276 3413 ibi
1298 3370 1375 3415 oom-

255 3438 389 3503 missam
418 3460 457 3503 en
483 3437 626 3504 bibernis
652 3438 820 3521 profectus
847 3438 1025 3518 pertulerat
1052 3438 1194 3503 domna⁵
1222 3437 1374 3520 meminit,

256 3526 561 3592 Romanorumoero
571 3526 770 3592 notissimam
781 3527 901 3591 alodem
912 3525 1221 3608 silentiopraeteriit,
1233 3527 1374 3609 patriae,

207 3640 237 3683 ss
256 3614 324 3681 nisi
345 3616 454 3697 fallor,
477 3636 584 3681 amore
606 3617 725 3680 duatus.

366 3704 523 3785 Exempla
545 3705 648 3769 Ionos
669 3703 733 3769 sibi
756 3709 967 3785 proposuerat
995 3703 1077 3769 uitas
1099 3710 1281 3769 sanctorum
1304 3704 1376 3769 aele-

257 3791 387 3873 briores,
403 3792 522 3858 scilieet
532 3792 670 3858 Antonii
685 3798 812 3858 auemre
822 3792 1015 3871 Athanasio,
1032 3792 1131 3858 Pauli
1145 3800 1175 3858 et
1187 3792 1377 3858 Hilarionis

257 3888 385 3947 anctore
408 3880 614 3964 Hieronymo,
642 3879 788 3945 Martini
817 3904 839 3946 a
863 3880 1005 3962 Sulpicio
1029 3882 1143 3946 Seuero
1172 3881 1208 3946 in
1241 3880 1377 3963 dialopis

256 3969 457 4051 descriptam,
481 3991 558 4052 quos
580 3970 681 4035 tribus
696 3968 878 4034 auctoribus
896 3969 1112 4051 Postumiana,
1134 3971 1256 4051 Seuero,
1281 3969 1376 4034 Gallo

209 4084 239 4125 ao
256 4058 412 4139 attribuit,
436 4057 575 4139 Hilarii,
599 4057 772 4139 Ambrosii,
793 4057 968 4139 Aupustini
991 4057 1171 4122 auctoribus
1186 4058 1375 4138 Fortunato,

255 4146 415 4227 Paulino,
451 4146 630 4212 Possislioss.
684 4145 791 4212 Vitam
825 4146 989 4211 Desiderii
1022 4145 1212 4210 Viennensis
1250 4151 1377 4210 auctore

257 4236 402 4302 Sisebuto
425 4242 454 4300 et
476 4235 606 4301 aitaoit⁷
628 4241 658 4300 et
680 4235 857 4300 monins
903 4234 1055 4317 Greporii
1077 4233 1245 4298 Historiae
1268 4232 1375 4297 Fran·

256 4345 365 4391 corum
388 4323 491 4389 eodioe
513 4323 626 4390 elassis
647 4324 681 4388 B
702 4323 807 4405 ipsum
836 4324 973 4403 fortasse
999 4344 1091 4388 usum
1118 4343 1183 4388 esse
1204 4343 1305 4404 supra
1326 4343 1376 4387 en·

249 4412 358 4496 posui.
397 4412 554 4496 Repulm
576 4412 703 4495 aliaque
725 4412 874 4494 maprstri
895 4412 1014 4494 scripta
1036 4411 1176 4494 ritusque
1201 4412 1376 4477 Scottorum

210 4527 239 4567 ss
256 4502 364 4583 libros,
387 4500 483 4566 ueluti
505 4501 767 4583 antiphonarium
785 4501 1007 4566 Benolorense
1016 4502 1037 4582 ⁹,
1061 4500 1091 4566 ei
1107 4507 1277 4582 praeterea
1292 4520 1377 4583 prae

255 4589 407 4655 manibus
428 4590 530 4669 fuisse
551 4589 607 4654 oin
629 4610 870 4655 oomniemorare
892 4610 1014 4654 neeesse
1036 4595 1090 4654 est.

364 4678 540 4745 Auitorum
562 4678 734 4744 latirwrum
758 4684 881 4743 tantam
898 4677 1063 4742 seientiam
1079 4678 1181 4743 Ionas
1202 4677 1240 4742 in
1262 4676 1378 4742 sobolis

256 4766 471 4833 Bobiensibns
492 4766 556 4833 sibi
578 4772 765 4849 paraverat,
794 4772 948 4848 quonlam
970 4767 1025 4830 oin
1046 4766 1084 4830 in
1106 4766 1171 4830 alio
1194 4765 1283 4831 ill-ius
1306 4764 1377 4830 aeui

259 4926 287 4991 1)
305 4923 354 4978 SS.
373 4922 407 4977 Β.
426 4923 526 4978 Meron.
544 4922 600 4989 III,
618 4925 679 4979 505.
763 4924 791 4990 2)
818 4923 848 4974 V.
867 4922 981 4976 Calumb.
1000 4922 1025 4988 1,
1045 4925 1088 4976 27.
1172 4923 1200 4988 3)
1227 4921 1271 4976 lb.
1289 4920 1315 4986 I,
1332 4923 1375 4976 30.

218 5011 242 5051 ω
258 4997 285 5063 4)
305 4994 443 5060 1s.11,o.
470 4994 513 5058 Cf.
526 4994 694 5060 Hartmann,
709 4993 943 5045 ‘amulwinus
956 4994 996 5058 ΙΙ,
1012 4997 1036 5058 1,
1052 5011 1080 5060 p.
1092 4996 1154 5048 209.
1167 4995 1227 5047 235.
1294 4992 1322 5058 b)
1345 4992 1375 5047 V.

259 5065 375 5118 Oolnmb.
389 5065 413 5130 1,
425 5067 469 5120 30.
523 5067 551 5133 6)
568 5065 682 5131 Ib.I,l.
736 5061 1375 5131 7)Io.1,27:0uiusgesuseriptahab0ntur,

260 5135 357 5203 quibus
375 5139 403 5189 et
421 5133 529 5203 quantis
545 5134 754 5188 adversitatibus
768 5134 903 5203 gloriosus
915 5133 989 5202 apud
1000 5134 1149 5186 Dominum
1161 5133 1262 5186 meruit
1273 5132 1376 5188 habere

260 5206 430 5329 alammghoffi
510 5208 538 5273 8)
566 5205 719 5273 Io.1,2s;
743 5208 778 5271 cf.
796 5206 844 5259 SS.
864 5206 897 5260 R.
918 5206 1015 5259 Heron.
1033 5205 1090 5271 III,
1105 5221 1134 5271 p.
1148 5207 1209 5259 626.
1292 5206 1322 5269 9)
1343 5203 1375 5259 V.

304 5294 324 5329 n
368 5320 375 5331 .
428 5279 492 5341 ‚lb
