3184 6800
391 1315 518 1386 lom,
531 1315 653 1371 VITAE
671 1313 899 1371 comanam
917 1315 1026 1371 LIBRI
1043 1315 1083 1373 H.
1263 1322 1298 1376 ab

85 1516 88 1547 t
179 1499 377 1565 Galumbano
388 1498 556 1581 disputans
567 1495 608 1576 (I
613 1499 648 1578 V,
661 1500 718 1580 36)
732 1497 809 1562 libri
817 1496 943 1579 prioris
958 1519 983 1562 c.
998 1504 1136 1563 18—20.
1148 1520 1299 1580 mapnam

85 1586 88 1653 ἶ
168 1594 299 1670 partem
323 1589 369 1653 od
388 1589 516 1652 verbm
537 1586 713 1669 exscripsit.
754 1586 823 1652 Hic
845 1593 949 1651 autem
971 1586 1052 1650 liber
1073 1593 1109 1651 ut
1130 1594 1204 1652 ante
1226 1587 1299 1652 alte

175 1697 251 1740 rum
273 1676 435 1742 obsolrdus
457 1675 499 1742 sit
520 1697 642 1742 necesse
664 1681 717 1756 est,
747 1675 796 1739 ita
818 1695 957 1740 seorsum
980 1675 1083 1740 editus
1105 1696 1170 1740 esse
1187 1682 1298 1756 potest.

176 1765 266 1829 Eam
302 1763 340 1829 ia
377 1764 485 1846 capita
522 1765 624 1830 Ionos
664 1763 744 1830 satis
780 1765 978 1846 neplepenter
1014 1763 1181 1844 aionem,
1223 1786 1300 1830 nam

143 1853 350 1919 slaterarlus
386 1852 524 1934 capitum
556 1852 884 1934 praesanptionesque
921 1851 1035 1917 iisdem
1068 1852 1192 1917 mundis
1226 1874 1300 1935 pra·

176 1941 320 2007 cummis
341 1941 514 2024 inquinata
536 1948 619 2007 sunt.
658 1942 772 2022 Itaque
795 1943 840 2005 ad
858 1940 992 2005 Sinilem
1014 1942 1156 2006 abbatem
1181 1941 1300 2007 Oolmn·

91 2042 95 2047 “
177 2033 298 2096 bonum
320 2029 486 2096 aduenisse
508 2030 546 2095 in
569 2030 658 2095 titulo
680 2051 706 2096 c.
723 2034 754 2092 4.
779 2029 945 2109 contendit,
976 2032 1051 2094 dum
1075 2030 1187 2113 potius
1215 2030 1300 2096 Omn-

176 2119 304 2202 mopelli
325 2139 439 2184 nonan
457 2117 494 2184 in
511 2125 598 2185 textu
614 2118 739 2200 lepilur,
763 2154 807 2162 -
829 2117 867 2182 in
890 2124 984 2198 caput
1004 2118 1089 2183 enim
1107 2121 1301 2200 praecedens

178 2209 395 2288 abemauerat,
430 2243 474 2252 -
506 2207 712 2288 ultimumque
745 2228 771 2272 c.
797 2213 849 2270 30.
885 2206 1013 2271 omnino
1044 2207 1301 2288 praetermisisse

132 2296 313 2377 arridetur,
343 2317 413 2361 cum
442 2295 570 2361 diversa
598 2295 636 2361 in
657 2295 795 2377 sinpulis
818 2294 974 2360 codicibus
1000 2295 1203 2379 praescripta
1224 2296 1300 2361 sint.

177 2385 231 2450 De
258 2386 323 2465 fide
349 2405 422 2450 uero
444 2384 591 2450 lauradi
619 2383 762 2449 dubitari
791 2383 847 2448 ria
876 2382 954 2463 licet,
985 2405 1055 2448 cum
1084 2384 1114 2448 is
1142 2405 1233 2466 quem
1264 2385 1299 2450 V.

178 2472 343 2538 Iohannis
365 2472 468 2538 Ionas
492 2472 665 2557 praemisit
692 2475 797 2537 eodem
827 2471 954 2537 dicendi
978 2493 1092 2554 ponere
1115 2474 1302 2556 compositus

178 2561 232 2627 sit.
285 2561 434 2644 Dem'am
467 2561 614 2627 earmina
642 2583 723 2644 quae
754 2561 872 2626 librum
899 2560 1042 2641 primum
1071 2562 1302 2642 subsequuntur

177 2649 346 2716 monacbis
374 2657 432 2715 aut
459 2649 673 2715 Bobiensibus
702 2656 759 2714 ant
787 2649 1041 2714 Duamriensibus
1074 2657 1131 2713 aut
1160 2650 1302 2733 utrisque

133 2763 159 2804 ιο
177 2759 340 2820 unumque
362 2744 439 2822 post
458 2740 594 2804 aberam
616 2741 656 2803 ab
679 2744 806 2803 auctore
828 2737 1020 2803 transmissa
1042 2759 1115 2818 esse,
1144 2759 1182 2802 ea
1204 2759 1302 2821 prae

178 2827 406 2909 scriptionibus
428 2827 545 2894 codicis
566 2827 601 2892 B
621 2829 656 2892 lb
680 2826 847 2908 callipitnr.

293 2917 404 2981 Totum
424 2917 526 2981 Ionae
549 2936 628 3000 opus
649 2916 738 2980 baud
759 2915 852 2980 multi
873 2914 994 2980 codices
1016 2914 1162 2980 eabibent
1183 2917 1301 2981 nullus-

179 3026 240 3086 que
262 3004 320 3085 aa,
343 3011 380 3070 ut
400 3010 511 3070 auctu
526 3004 611 3069 illud
627 3004 834 3086 disposuerat,
859 3005 978 3068 duobus
996 3003 1089 3069 libris
1106 3003 1300 3069 distinctum.

187 3092 265 3158 Vita
298 3092 486 3159 Ooluurbani
513 3092 551 3158 in
574 3093 729 3174 plurimis
758 3092 916 3159 codicibus
947 3092 1058 3173 optime
1087 3092 1210 3156 tradita
1239 3100 1303 3176 est,

130 3207 161 3246 so
179 3182 317 3246 alterum
332 3187 436 3246 auum
451 3181 567 3247 librum
585 3181 685 3263 pauci
699 3188 823 3246 tantum
841 3182 1017 3265 perfectum
1037 3181 1198 3246 continent
1216 3181 1302 3263 iique

176 3269 332 3354 proxima
354 3269 517 3351 affinitate
538 3270 623 3335 inter
645 3291 678 3335 se
709 3269 869 3335 coniuncti
892 3272 932 3334 ab
955 3270 1044 3334 baud
1065 3270 1112 3334 ita
1134 3270 1303 3352 multiplici

182 3357 307 3442 oripiue
330 3358 393 3424 orti
421 3359 569 3425 ridentur
591 3380 665 3425 esse.
711 3358 801 3424 Huic
829 3358 910 3424 libro
939 3358 1060 3441 intepre
1088 3361 1302 3425 conservando

180 3448 218 3513 id
240 3447 394 3514 obstitisse
407 3448 589 3528 existimem,
613 3450 696 3531 quod
717 3470 769 3513 res
792 3471 814 3513 a
831 3448 1042 3529 compluribus
1061 3448 1183 3513 sanctis
1197 3455 1303 3530 pestus

181 3536 400 3618 miraculaque
423 3536 558 3602 diversis
576 3536 653 3602 locis
670 3543 806 3618 patrata
821 3536 858 3601 in
873 3536 942 3617 ipso
958 3537 1167 3602 coniunxerat
1181 3545 1300 3602 auctor.

131 3649 161 3690 ss
182 3626 239 3689 Ita
261 3624 346 3690 enim
360 3625 482 3705 factum
497 3632 551 3707 est,
574 3632 610 3689 ut
623 3647 713 3706 quem
729 3625 859 3707 quisquc
874 3625 1012 3690 maaime
1027 3627 1144 3690 colebat
1158 3632 1302 3690 sanctum

181 3735 253 3778 enm
266 3714 331 3779 sibi
345 3714 471 3795 eliperet
485 3713 689 3796 sinpnlasque
703 3721 886 3778 sanctornm
905 3714 1003 3794 Vitas,
1020 3714 1138 3779 scilicet
1151 3715 1299 3797 Athalae,

182 3802 341 3884 Eustasii,
366 3802 649 3885 Burpundofarae,
673 3804 722 3867 ael
746 3802 854 3883 potius
876 3803 1035 3867 miracula
1058 3803 1300 3885 Enoriacensia,

181 3890 334 3972 Bertulpi,
358 3890 489 3955 librarii
511 3912 650 3956 seorsum
673 3891 891 3972 describerent,
918 3891 1068 3956 dissoluto
1091 3892 1181 3956 libro.
1227 3892 1303 3957 Vita

181 3979 317 4061 deuiam
344 3979 532 4045 Columbani
553 3979 808 4045 retractationem
838 3980 935 4044 subiit
961 3982 1065 4060 leuem,
1095 3981 1180 4045 rende
1209 3979 1303 4045 binae

132 4092 163 4132 so
182 4067 324 4134 codicum
358 4068 474 4133 classes
506 4067 749 4149 distinpuendae
783 4075 872 4148 sunt,
911 4074 1159 4148 retractataeque
1193 4068 1302 4147 optimi

182 4158 272 4239 apud
285 4155 388 4222 Italos
402 4163 618 4221 asservantur.
661 4156 790 4222 Codices
812 4156 860 4221 ita
883 4155 1045 4237 descripsi,
1068 4162 1104 4219 ut
1120 4176 1200 4235 quae
1218 4156 1303 4220 inter

181 4245 326 4326 siupulos
358 4244 604 4328 uniuscuiusque
632 4245 744 4311 elassis
773 4244 967 4310 necessitudo
996 4244 1200 4309 intercederet
1230 4265 1303 4307 moa

182 4332 408 4415 inquireretur,
439 4336 513 4399 dum
543 4336 580 4399 de
611 4334 736 4400 ratione
758 4341 851 4416 atque
873 4332 1058 4398 auctoritate
1081 4332 1231 4397 classium
1254 4335 1302 4398 de

182 4420 313 4504 scriptis
334 4421 427 4487 libris
449 4422 580 4487 dissero.

133 4534 163 4574 ss
291 4510 412 4575 Eodem
440 4512 509 4590 fere
537 4518 672 4594 tempore
701 4531 761 4593 qno
790 4511 916 4592 utrraue
945 4512 981 4575 V.
1010 4509 1199 4577 Columbani
1222 4512 1302 4577 libro

181 4600 373 4664 recensendo
401 4620 529 4681 operam
558 4601 706 4665 dedmam
728 4600 827 4664 solius
850 4599 977 4680 prioris
1010 4602 1130 4665 codices
1163 4601 1199 4665 in
1230 4600 1303 4682 ipsa

181 4686 287 4752 sancti
311 4687 426 4769 patria
454 4688 651 4770 collipendos,
682 4688 924 4767 examinandos,
955 4688 1141 4770 diperendos
1170 4689 1305 4769 suscepit

182 4776 231 4841 Η.
263 4776 300 4841 J.
333 4777 466 4841 Lacolor
498 4776 550 4841 air
581 4776 791 4857 doctissimus,
828 4798 921 4858 oepre
953 4778 1075 4856 ferens,
1110 4777 1303 4842 celeberrimi

177 4864 349 4947 popularis
377 4864 429 4930 sui
458 4886 510 4931 res
535 4872 640 4947 pastas
668 4866 809 4930 nondum
838 4867 883 4930 ad
909 4866 1013 4944 fontes
1041 4865 1172 4946 optimos
1201 4865 1303 4929 editas

135 4976 166 5015 ic
183 4974 258 5035 esse,
291 4959 384 5035 ablue
417 4974 482 5036 qua
514 4954 624 5019 melior
658 4975 766 5019 rerum
800 4955 876 5019 ordo
905 4959 1161 5035 praepararetur
1190 4953 1303 5018 disser-

184 5041 356 5107 tationem1
386 5062 473 5108 anno
501 5050 576 5124 post
603 5041 727 5127 publici
756 5041 842 5107 iuris
870 5042 954 5123 fecit,
989 5063 1085 5123 quam
1115 5040 1210 5106 editio
1232 5063 1303 5107 mea

185 5196 212 5267 1)
230 5196 267 5253 H.
287 5198 316 5253 J.
334 5198 546 5263 annaurim
568 5198 752 5264 Manumrrpts
777 5200 811 5262 af
833 5199 875 5251 the
899 5198 962 5248 Vita
985 5197 1012 5248 S.
1033 5196 1201 5249 Columbaui'
1220 5198 1304 5263 (aar

188 5269 382 5323 aemam
399 5269 433 5333 of
446 5270 490 5321 tn
506 5269 597 5335 scopu
613 5269 690 5321 Iron
708 5270 851 5335 Acmon,
875 5268 931 5321 ra.
950 5268 1076 5332 xxxa,
1094 5268 1160 5324 sie.
1181 5269 1210 5331 o,
1229 5270 1259 5324 e.
1279 5271 1302 5336 J,

185 5340 295 5407 Dublin,
314 5340 396 5407 June,
417 5339 515 5401 1903’).
