3184 6800
268 1315 323 1368 320

508 1310 634 1380 Iollas,
647 1311 744 1367 VITA
756 1309 946 1366 Vnuasuls
963 1309 1149 1366 EPISOOPI.
1217 1380 1222 1386 .

429 1488 505 1542 dium
536 1488 705 1557 attinebant,
736 1487 830 1542 divino
860 1492 1025 1558 suggerente
1055 1487 1202 1556 suffragio,
1232 1484 1358 1555 plenissime

428 1559 526 1616 hausit.
558 1559 663 1614 Verum
682 1559 710 1612 in
728 1559 770 1613 his
782 1559 909 1613 omnibus
921 1561 997 1612 nullo
1010 1559 1109 1613 abusus
1122 1562 1172 1624 est,
1191 1558 1239 1610 sed
1251 1555 1360 1625 gradatim

428 1631 464 1684 ad
483 1648 589 1684 summa
606 1631 736 1699 aspirans,
755 1649 820 1684 vere
839 1631 988 1684 secundum
1006 1630 1096 1683 Deum
1115 1634 1143 1682 et
1162 1647 1215 1697 que
1234 1629 1302 1681 illius
1316 1629 1361 1680 sunt

429 1702 541 1755 demum
558 1702 747 1771 phylosofatus
766 1705 815 1770 est,
834 1707 866 1754 ut
883 1702 972 1755 solum
984 1701 1074 1754 Deum
1093 1705 1122 1753 et
1140 1701 1307 1753 voluntatem
1321 1697 1362 1751 eiu

429 1778 457 1827 et
483 1777 613 1842 precepta
641 1774 852 1841 amplecteretur
876 1777 967 1826 certus
991 1772 1026 1826 de
1053 1771 1175 1840 reposito
1201 1771 1298 1824 fructu.
1332 1770 1385 1820 aas

428 1861 496 1913 quae
519 1847 548 1896 in
573 1846 658 1897 altero
681 1847 794 1912 proloqu
820 1846 917 1897 codicis
941 1845 1015 1899 B3a
1038 1850 1190 1911 emuntur
1213 1843 1307 1894 mbo:
1325 1839 1363 1892 Ile·

427 1933 503 1969 mum
523 1947 560 1954 —
582 1918 610 1968 et
627 1915 683 1969 vite
706 1919 807 1970 eterne.
845 1913 967 1984 Explicit
990 1914 1122 1983 prologus
1146 1915 1228 1967 etiam
1252 1917 1281 1965 in
1305 1913 1364 1965 lonae

429 1987 553 2054 opusculo
577 1988 737 2054 intcrpoluto
762 1988 896 2053 locuntur,
921 1989 990 2038 aas
1014 2002 1047 2039 ea
1069 1988 1148 2052 infra
1174 1987 1309 2051 ascripsi.
1337 1984 1365 2034 lle

428 2059 514 2111 Lauro
530 2061 620 2110 sumi
632 2060 730 2126 petrau
747 2076 771 2112 r.
788 2057 1010 2123 ‘Mittlses'lunpen'
1023 2057 1104 2122 XIV,
1118 2073 1148 2123 p.
1161 2057 1241 2122 434J.
1270 2055 1365 2108 Demun

428 2128 599 2182 beatissimus
625 2129 687 2197 plus
712 2146 793 2196 quam
827 2128 984 2181 adolescens
1012 2130 1140 2196 parentes
1169 2126 1250 2196 fugit,
1280 2124 1365 2178 divitia
1377 2139 1395 2176 ιο

429 2199 594 2268 contempsit
618 2203 745 2267 paternas
771 2203 799 2252 et
823 2200 940 2268 gloriam
966 2203 993 2252 et
1018 2198 1202 2267 amplissimas
1229 2197 1365 2266 prediorum

428 2271 644 2339 possessionesss,
671 2270 727 2323 acsi
751 2270 910 2324 brevissime
936 2273 1041 2323 essent:
1071 2270 1110 2322 ita
1141 2268 1260 2337 patriam
1285 2266 1365 2330 evasit;

428 2342 561 2410 applicuit
594 2340 706 2394 tandem
738 2340 778 2394 ita
809 2342 953 2407 solitarius,
983 2340 1023 2394 ita
1047 2358 1149 2393 vacuus
1174 2340 1210 2393 ad
1235 2338 1308 2405 fines,
1332 2335 1366 2403 qui

428 2415 598 2466 Alamannos
616 2413 793 2481 prospiciunt.
830 2413 875 2465 Ibi
900 2412 935 2465 de
959 2412 1021 2465 loco
1047 2411 1083 2464 ad
1107 2412 1202 2465 locum
1219 2426 1318 2479 pauper
1332 2425 1365 2460 er·

428 2484 515 2537 ulavit
539 2501 590 2552 pro
615 2500 709 2537 amore
726 2482 778 2536 Dei
804 2484 906 2536 etrite
932 2487 1049 2536 aeterne.
1086 2481 1123 2535 Et
1142 2482 1207 2550 quia
1224 2485 1299 2533 tanto
1316 2484 1364 2532 ten·
1377 2493 1395 2531 u

428 2572 496 2623 pore
520 2555 550 2608 in
574 2555 698 2622 partibus
723 2554 777 2607 illis
803 2559 978 2607 conversatus
1003 2553 1064 2621 fuit,
1089 2554 1180 2606 incole
1204 2552 1276 2605 illius
1297 2549 1364 2618 patrie

429 2626 654 2680 existimaverunt
665 2625 743 2678 illum
756 2630 784 2679 et
797 2625 886 2678 adhuc
899 2624 1055 2677 existimant
1066 2625 1096 2677 in
1108 2624 1200 2691 Tullo,
1219 2629 1283 2676 tunc
1294 2619 1363 2690 opido,

427 2715 500 2750 nunc
526 2697 645 2764 civitate,
670 2696 753 2750 fuisse
777 2700 882 2763 natum,
907 2703 930 2748 et
955 2698 1028 2750 1330
1049 2697 1160 2763 desinit,
1188 2711 1264 2748 mas
1287 2696 1364 2745 usust

427 2770 538 2821 dimedio
556 2772 647 2821 vacuss
663 2769 771 2834 relictis,
790 2774 814 2820 et
831 2773 919 2820 ustus
937 2768 1166 2832 Henscheniunus,
1185 2770 1216 2818 in
1233 2781 1283 2833 quo
1302 2768 1363 2816 inor-

424 2841 528 2907 polats'o
546 2841 646 2906 duplae
664 2840 764 2891 coaluit
782 2846 807 2891 ct
825 2840 909 2891 Ionae
926 2845 949 2890 et
969 2840 1086 2893 alcuini.
1375 2850 1394 2889 st

428 3017 493 3066 Cap.
509 3017 546 3058 10.
577 3017 601 3055 N
605 3020 661 3056 ota.
703 3017 725 3067 a)
739 3017 772 3055 ltu
786 3017 872 3065 sprevit
885 3017 937 3056 odd.
952 3009 1055 3054 Remea
