3184 6800
364 1301 490 1371 mnis,
502 1301 624 1357 vm
642 1300 872 1358 wionem
889 1302 999 1359 msa
1016 1303 1057 1360 11.
1236 1310 1272 1364 ιτ

147 1486 231 1551 uuir.
282 1486 388 1568 Quare
420 1484 632 1551 Oolnmbanns
654 1491 828 1567 permotus,
862 1492 982 1550 mutato
1011 1486 1150 1567 consilio,
1179 1510 1270 1572 pere

145 1574 364 1658 priuationem
381 1595 473 1639 emm
490 1573 604 1638 ilerum
620 1572 853 1657 interrumpere
875 1575 1047 1656 constitnit,
1071 1575 1101 1640 si
1122 1575 1205 1655 forte
1224 1577 1271 1642 ‘in

147 1663 298 1729 cordibus
328 1662 469 1745 pontium
497 1661 678 1727 uicinorum
707 1663 804 1742 fidem
832 1683 936 1728 serere
958 1663 1084 1728 ualeret’
1094 1665 1117 1727 ¹.
1161 1665 1272 1746 Elepit
1404 1665 1407 1671 ’

149 1751 299 1834 oppidum
321 1740 482 1832 uetustumy
512 1749 587 1816 olim
610 1771 683 1815 uero
705 1750 857 1832 dirutum,
881 1751 933 1816 oui
954 1751 1135 1834 Bripontia
1157 1775 1271 1819 nomen

116 1847 228 1921 serat,
259 1841 342 1922 qnod
369 1841 415 1905 od
439 1840 544 1905 lacum
565 1838 703 1904 eiusdem
725 1839 867 1904 nominis
889 1840 984 1905 situm
1007 1841 1102 1906 binos
1123 1845 1272 1924 lanpebat
1348 1875 1352 1881 ⁴

148 1929 222 1994 oras
236 1928 463 1994 celeberrimae.
496 1927 626 1992 Eninde
637 1927 836 1993 Alamannis
844 1929 988 2010 poponis
998 1930 1079 2009 fides
1091 1930 1271 1996 cbristiana

141 2013 333 2101 praedicari
356 2022 462 2099 cocpsla
484 2023 539 2082 est.

257 2105 407 2170 Rbenmn
439 2104 575 2184 florinum
607 2104 768 2187 naoipons
795 2126 858 2186 per
889 2107 998 2170 urbem
1026 2107 1270 2189 Mapontiacum

142 2194 309 2277 profectus
341 2200 395 2275 est,
425 2194 480 2259 ubi
502 2192 598 2258 Lesio
626 2193 792 2277 episcopus
821 2194 982 2259 alimentis
1007 2216 1078 2259 enm
1106 2195 1268 2262 instruxit.

104 2311 130 2349 ιο
148 2283 298 2365 Denique
320 2284 366 2348 ad
393 2283 494 2348 locum
522 2302 613 2364 auom
641 2283 777 2364 claperia
804 2282 939 2366 appulit,
973 2285 1031 2348 sed
1057 2284 1112 2348 ille
1139 2284 1271 2351 minime

141 2372 300 2455 placebat,
323 2391 516 2453 quamnquam
538 2372 574 2436 ob
596 2372 692 2450 fidem
709 2370 747 2435 in
759 2371 906 2453 panibus
920 2374 1086 2437 serendam
1102 2373 1271 2455 paulisper

147 2460 196 2526 ibi
210 2481 244 2526 se
259 2466 522 2526 commoraturum
537 2480 602 2524 esse
616 2459 791 2541 spopondit.
831 2460 927 2525 Soreoi
945 2460 1001 2542 oui
1018 2460 1065 2525 ibi
1082 2461 1272 2528 babitabant

148 2555 179 2614 el
201 2548 330 2631 poponi
357 2554 388 2612 et
416 2548 543 2613 nomine
571 2554 662 2614 tenus
690 2547 862 2613 cbristioni
887 2548 984 2613 simul
1006 2570 1112 2614 munes
1133 2552 1270 2616 deosum

154 2638 302 2704 Wodano
323 2636 372 2702 ita
394 2636 581 2717 sacrificare
608 2637 758 2717 solebant,
788 2644 825 2700 ut
852 2658 910 2701 aas
937 2658 1089 2719 mapnum
1118 2638 1270 2704 cornuta

103 2752 129 2792 ιο
141 2727 276 2810 plenum
308 2725 346 2791 in
378 2725 481 2790 medio
507 2724 648 2808 positum
682 2731 769 2790 esset.
825 2725 1038 2791 Galumbonus
1071 2747 1141 2790 cum
1175 2747 1270 2807 apros

147 2835 258 2880 eorum
268 2815 473 2895 perlustrans
486 2812 706 2893 sacrificantes
721 2813 981 2895 deprehendisset,
1006 2814 1165 2896 lipomina
1182 2815 1270 2880 uasis

148 2903 281 2968 dissolui
303 2901 546 2984 ceronnamqne
569 2903 733 2984 profluere
755 2901 868 2983 iussit·
897 2902 1029 2967 barbari
1051 2909 1155 2967 autern
1177 2925 1269 2968 coan-

146 2990 259 3074 pellois
281 2991 349 3057 eins
369 2990 465 3056 dictis
487 2990 635 3072 costipati
655 2990 747 3055 multi
777 2996 852 3056 tnnc
874 2993 919 3056 od
939 2992 1035 3070 fidem
1057 2991 1269 3057 christianam

148 3078 293 3146 oonocmi
314 3086 389 3145 sunt
410 3079 530 3162 aliique
551 3079 607 3162 ani
630 3079 785 3162 boptirati
810 3079 879 3143 iam
900 3086 994 3145 eram
1014 3079 1118 3161 ipsius
1139 3080 1268 3146 monitis

101 3194 130 3234 so
147 3167 427 3252 superstitionibus
448 3189 481 3233 se
503 3167 725 3233 abstinuerunt
734 3169 755 3231 ¹.
802 3167 894 3233 Vietu
923 3168 1101 3234 necessario
1122 3170 1270 3234 monocbi

148 3256 249 3324 Scolti
271 3262 393 3340 epentes
409 3277 471 3339 per
493 3255 633 3323 triduum
655 3256 768 3322 acibus
789 3259 1001 3338 oesaebontnr,
1028 3264 1141 3338 qnarlo
1164 3265 1270 3323 autem

148 3346 201 3413 die
234 3345 396 3429 effluamus
428 3345 560 3429 quidm
592 3344 719 3411 ricinus
751 3345 907 3425 frumenti
940 3345 1062 3428 copiam
1091 3345 1138 3411 eis
1171 3346 1267 3414 misit.

152 3436 308 3502 Gallulam
330 3455 426 3517 quom
447 3435 511 3501 sibi
533 3440 754 3501 constrnnerat
773 3433 986 3500 Columbanus
1000 3456 1085 3500 moro
1100 3456 1157 3499 sno
1174 3436 1270 3501 cerlis

147 3523 339 3606 temporebus
375 3523 586 3605 relinquebat,
628 3525 843 3604 desertumque
880 3523 1008 3604 odiens,
1049 3524 1107 3589 sub
1143 3525 1269 3606 scopulo

99 3638 129 3680 rs
146 3614 285 3696 onodm
319 3612 529 3693 delitescebat,
565 3612 730 3677 comitante
763 3610 912 3677 ministro
945 3633 1011 3693 suo,
1046 3633 1106 3694 qno
1138 3634 1269 3678 munere

152 3701 380 3783 Cbapnoaldns
401 3707 476 3767 tnnc
497 3702 700 3782 fnnpebotur.
738 3701 764 3764 Ι
765 3699 797 3765 bi
819 3699 942 3766 iduma
964 3721 1077 3782 corpus
1098 3701 1270 3780 conficiens

147 3790 251 3856 cibum
274 3789 408 3871 sumpsit
424 3810 522 3871 poma
544 3789 603 3854 illo
626 3788 794 3868 silvestria,
819 3790 857 3853 de
880 3788 992 3871 quibus
1015 3789 1096 3853 dini.

256 3878 361 3960 Prope
371 3877 581 3961 Briponliam
598 3877 811 3943 Columbanus
824 3876 880 3941 cin
890 3899 951 3959 per
966 3877 1129 3942 biennium
1142 3879 1266 3943 restitit.

152 3967 233 4034 Cum
262 3968 350 4049 apud
383 3966 605 4052 Oblotbarium
634 3971 823 4047 uersaretur,
855 3966 896 4030 lis
923 3966 1009 4031 iuter
1035 3965 1269 4031 Tbeuderienm

101 4080 129 4122 so
147 4063 179 4122 et
195 4055 447 4121 Tbendebertnm
466 4077 496 4120 a.
514 4053 626 4137 610l1.
642 4061 751 4119 enoria
769 4060 923 4135 astatque
940 4061 1069 4136 uterque
1089 4054 1268 4119 Oblolbarii

147 4144 325 4211 sacietatem
347 4143 482 4209 ommsse
503 4143 656 4209 uidetur2.
701 4142 800 4208 Anno
822 4142 1009 4223 insequenti,
1032 4147 1202 4223 antequam
1223 4145 1270 4208 ad

141 4254 289 4317 pupnam
318 4238 442 4297 uentum
464 4238 518 4315 est,
547 4231 760 4298 Oolnmbanus
789 4233 835 4296 ad
860 4231 1109 4295 Tbendebertum
1139 4230 1270 4295 accessit

147 4321 319 4404 montane,
342 4327 378 4387 ut
399 4341 460 4385 sna
481 4327 590 4403 sponte
611 4319 744 4386 clericus
758 4321 857 4401 fieret,
881 4341 921 4384 ne
936 4326 965 4385 et
979 4340 1112 4402 repnnm
1126 4325 1155 4384 et
1169 4319 1268 4384 citam

148 4417 313 4476 adanam
332 4410 490 4493 perderet.
541 4410 632 4491 Quod
653 4407 821 4475 consilinm
844 4430 922 4473 sone
943 4407 1125 4474 inauditnm
1148 4408 1271 4492 rapiet

102 4524 130 4565 ss
147 4498 425 4565 circumstantibus
439 4498 541 4564 risum
556 4497 669 4577 ntooit;
692 4518 757 4562 non
772 4497 857 4562 enim
871 4498 1134 4579 Merordnpornm
1149 4498 1267 4578 fuerat,

147 4608 247 4670 repno
275 4585 415 4668 dimisso,
449 4586 533 4651 ultro
561 4592 673 4651 uestem
702 4592 835 4650 mutare.
888 4585 1015 4650 Bellnm
1044 4585 1145 4666 ipitnr
1167 4607 1269 4667 prope

152 4676 281 4741 Tullum
303 4697 334 4741 a.
352 4681 427 4739 612.
450 4696 554 4740 mense
570 4674 666 4739 Maio
681 4673 880 4739 commissum
898 4681 944 4738 est
965 4675 1158 4754 alternamque
1181 4676 1271 4757 apud

151 4764 358 4830 Tulbiacense
395 4770 554 4844 castrmn;
590 4763 627 4828 in
663 4769 794 4844 unoque
832 4763 1066 4827 Tbendobertus
1103 4769 1269 4844 superatus

145 4853 261 4935 fupam
294 4851 380 4934 iniit,
414 4854 470 4917 sed
502 4858 614 4935 captus
647 4857 677 4916 et
709 4851 890 4916 clericatum
924 4858 953 4915 et
980 4856 1110 4915 mortem
1139 4849 1266 4914 subiit3.

98 4969 128 5008 io
146 4941 297 5023 Deniauo
329 4946 451 5006 mortno
477 4939 670 5006 Tbendmico
699 4939 905 5004 Oblotbarius
935 4961 965 5003 a.
991 4945 1065 5003 613.
1096 4939 1193 5003 trium
1222 4959 1267 5002 re-

143 5050 285 5115 pnorum
301 5028 488 5096 monarcbio
505 5028 627 5111 potitus
649 5035 702 5110 est,
718 5028 800 5093 sient
820 5026 1031 5093 Oolnmbanus
1048 5028 1267 5109 praedixerat.

145 5207 174 5273 l)
188 5204 221 5259 V.
237 5202 351 5259 Cobumb.
369 5203 393 5269 I,
407 5205 450 5257 27.
522 5203 550 5268 2)
566 5202 586 5253 Ι
587 5202 610 5253 b.
627 5202 650 5269 I,
664 5203 699 5256 24
706 5225 715 5269 ,¹
733 5202 768 5265 cf.
785 5200 866 5255 Frcd.
879 5201 899 5251 I
901 5200 932 5268 V,
947 5203 990 5255 37.
1063 5200 1091 5270 3)
1105 5201 1136 5255 V.
1150 5201 1267 5256 Columb.

144 5277 171 5345 Ι,
184 5277 238 5336 28,·
256 5275 292 5339 of.
311 5274 392 5329 Frcd.
408 5273 458 5340 IV,
472 5276 516 5329 38.

200 5382 277 5424 lanu.
1055 5362 1073 5414 2
