3184 6800
439 1298 563 1368 IONAS,
576 1299 697 1354 VITAE
716 1298 946 1353 OOLUMBANI
964 1273 1072 1353 LIBRI
1090 1298 1129 1355 11.
1293 1303 1344 1355 107

332 1481 387 1545 En
409 1480 586 1562 scripturae
608 1482 786 1563 specimine,
811 1484 894 1563 quod
908 1482 953 1546 H.
971 1482 1007 1546 J.
1023 1482 1155 1546 Lanlor
1176 1480 1253 1560 (tab.
1278 1479 1345 1561 VI)

217 1569 342 1661 publici
360 1569 445 1635 iuris
463 1570 547 1652 fecit,
572 1578 653 1636 certo
671 1570 786 1636 certius
808 1571 1000 1653 intellepitur
1018 1569 1152 1636 codicem
1175 1592 1254 1635 saec.
1276 1570 1343 1633 XI.

227 1678 326 1738 neque
346 1680 427 1724 saec.
446 1659 491 1724 X.
516 1659 750 1725 attribuendum
773 1681 847 1724 esse.

333 1760 433 1849 Bld)
469 1765 572 1832 Codea
595 1766 888 1831 Admontensis
918 1789 949 1831 n.
972 1774 1001 1846 2,
1031 1787 1112 1830 saec.
1135 1766 1200 1845 XI,
1232 1764 1346 1830 litteris

212 1853 406 1920 xviriitiulibus
414 1854 631 1939 pulcherrime
643 1855 750 1939 pictis,
771 1877 841 1920 cum
859 1877 981 1919 smnma
1000 1854 1167 1936 dilipentia
1186 1860 1345 1934 exaratus,

248 1942 292 2023 sol.
312 1949 507 2009 236-247.
551 1945 587 2010 V.
629 1944 817 2009 Columboni
858 1944 994 2009 continet
1027 1966 1048 2007 a
1083 1964 1106 2007 c.
1133 1950 1152 2006 2
1190 1939 1344 2024 eraescr.

249 2032 330 2096 VHI.
355 2034 412 2096 Kl.
437 2034 545 2099 Decb·
585 2035 715 2118 Incipit
742 2035 815 2097 vita
845 2035 938 2098 beati
963 2033 1169 2097 Columbnni
1199 2033 1344 2109 abbatis,

251 2121 325 2204 innp.
341 2122 378 2186 Ο.
395 2124 525 2187 etenim
541 2117 611 2206 qui)
628 2125 672 2187 ad
685 2123 781 2186 rerba
797 2143 822 2187 c.
841 2129 892 2186 21.
917 2124 988 2185 ruit
1012 2126 1115 2205 atque
1140 2124 1344 2204 discerpens,

334 2210 366 2274 B
384 2207 452 2293 ld‘)
492 2208 597 2276 Coelen
624 2211 902 2276 Florentinus
936 2210 1137 2275 bibliothecae
1170 2208 1347 2274 nationalis

180 2377 181 2384 ἵ
217 2297 315 2363 rointn
334 2305 502 2364 concentus
524 2320 713 2381 suppressos,
733 2301 765 2364 A
782 2308 809 2380 l,
833 2305 927 2380 1213,
949 2320 1029 2364 saec.
1052 2299 1118 2379 XI,
1144 2298 1218 2363 olim
1241 2319 1347 2362 mona·

180 2413 183 2426 ·
253 2387 319 2451 steni
332 2388 434 2453 Vallis
445 2390 640 2469 umbrosae1,
653 2389 709 2468 fol.
722 2388 917 2453 lud—130.
938 2389 973 2453 V.
988 2388 1177 2453 Columbini
1189 2388 1344 2452 librumI.

254 2498 311 2541 oc.
328 2484 357 2542 2.
389 2478 434 2542 ad
461 2480 557 2543 rerba
587 2499 612 2542 c.
637 2484 686 2541 19.
714 2478 843 2543 haecce:
872 2480 982 2542 virum
1007 2479 1074 2543 Dei
1103 2477 1347 2562 perturbarent

255 2567 473 2650 episcoposque
497 2565 642 2647 continet,
666 2572 802 2631 entremo
822 2567 984 2631 columnae
1002 2587 1094 2630 uersu
1112 2587 1210 2630 oacuo
1228 2565 1345 2629 relicto.

255 2650 322 2719 Sica
340 2656 378 2720 in
401 2654 505 2721 codice
530 2658 736 2737 praecedente
758 2655 806 2720 ita
828 2655 865 2720 in
893 2656 950 2719 hoc
973 2676 1080 2719 uersus
1103 2654 1236 2719 barbari
1266 2675 1289 2717 c.
1315 2659 1345 2718 2.

223 2761 243 2800 n
255 2741 309 2808 iude
328 2767 348 2808 a
369 2745 463 2809 uerbo
481 2746 719 2829 Expectatque
739 2744 962 2809 desiderantur
984 2750 1014 2808 et
1034 2743 1119 2807 inter
1140 2746 1236 2808 cerba
1257 2743 1347 2805 Nam

255 2832 308 2897 eius
334 2834 483 2917 genitrix
512 2841 543 2898 et
570 2835 639 2898 iam
671 2856 749 2899 cum
773 2834 956 2898 uocabulum
979 2832 1122 2898 additum
1145 2838 1197 2913 est,
1230 2830 1349 2896 scilicet

256 2941 327 2987 :::ne
361 2920 418 3003 (m.
449 2924 491 2987 al.
516 2943 597 2987 corr.
623 2921 702 3003 ene)
737 2921 850 3003 Bra,
886 2923 1001 2987 Ethne
1030 2921 1127 2985 Bld.
1183 2920 1347 2985 Lectiones

255 3028 314 3089 quac
328 3010 408 3076 mihi
424 3019 555 3093 praesto
573 3018 648 3076 sunt
670 3033 695 3076 c.
718 3018 768 3076 19.
786 3010 911 3093 partim
930 3010 1016 3075 omni
1035 3009 1220 3074 auctoritate
1238 3014 1348 3073 carent

256 3095 389 3181 (possiam
412 3120 476 3182 pro
505 3101 679 3185 Spiseinm,
710 3122 771 3164 ora
800 3106 873 3165 ante
903 3101 988 3164 cibis
1019 3121 1088 3178 om,
1119 3098 1221 3179 spatio
1248 3118 1348 3162 uacuo

227 3184 358 3271 arelao),
377 3188 507 3274 partim
530 3211 599 3254 cum
621 3189 655 3253 B
671 3196 710 3253 lc
733 3188 923 3253 conueniunt
945 3187 1141 3273 (pollicetur
1164 3209 1227 3269 pro
1251 3188 1347 3271 polli-

258 3281 362 3355 centur,
386 3277 599 3362 Ortaturque
616 3298 680 3359 pro
702 3274 910 3362 oraturque).

338 3366 477 3433 Initium
506 3369 662 3450 finemque
690 3372 805 3450 ropatu
833 3387 901 3431 meo
923 3366 1055 3449 benipne
1077 3364 1244 3447 exscripsit
1266 3364 1349 3430 Pius

259 3451 354 3538 Ruina
376 3456 577 3522 doctissimus
598 3457 652 3521 ille
676 3455 893 3521 Florentinus.

339 3559 435 3649 Ble)
471 3563 599 3629 Codices
632 3562 906 3628 Monacenses
940 3584 972 3627 n.
998 3568 1116 3640 22245,
1152 3582 1232 3626 saec.
1259 3561 1346 3641 XII,

232 3647 408 3729 ”mamni
441 3651 704 3734 Windberpensis
736 3651 795 3715 ool.
831 3652 891 3716 VI.
925 3672 1047 3715 menses
1081 3651 1287 3715 Nouembrem
1321 3655 1349 3713 et

261 3734 434 3807 Decembrem
457 3741 728 3823 comprehendens,
752 3740 982 3820 fol.12‘-—28,

332 3831 364 3895 Β
373 3826 434 3916 le')
449 3853 482 3896 n.
494 3827 767 3910 sesemen-An.
778 3831 825 3912 b),
842 3850 922 3893 saec.
937 3829 1026 3910 XII,
1042 3829 1098 3908 fol.
1111 3828 1304 3907 lor—120,
1321 3833 1350 3891 et

333 3919 365 3983 B
374 3917 446 4003 Μ’)
462 3918 709 4004 Lipsiensis²
721 3918 923 3983 bibliothecae
934 3925 1063 3982 senatus
1075 3939 1106 3981 n.
1120 3925 1179 3981 196
1189 3916 1284 3997 (Rep.
1294 3916 1346 3979 II.

261 4003 300 4080 fol.
318 4007 406 4090 59⁸),
436 4029 518 4074 saec.
544 4009 634 4089 XII,
663 4008 719 4087 fol.
748 4006 910 4088 14-323‘,
942 4007 1016 4070 olim
1048 4005 1160 4070 ‘sancti
1186 4003 1349 4069 Mauricii

235 4090 400 4164 ”indltcch
417 4097 591 4178 infcriori,
614 4095 704 4177 foliis
722 4095 894 4177 deperditis
916 4095 1045 4159 mutilus
1066 4094 1104 4158 in
1121 4093 1224 4158 uerbis
1240 4091 1270 4172 I,
1288 4098 1346 4158 30:

261 4179 382 4252 litterae
401 4181 502 4271 castil
523 4185 680 4265 desinens,
704 4185 817 4267 auibus
839 4206 879 4249 m.
900 4205 925 4249 s.
944 4184 1044 4248 XIV.
1069 4181 1258 4263 adscripsit:
1282 4182 1349 4247 Hic

261 4275 298 4335 eet
314 4297 455 4360 magnus
478 4277 646 4352 deiectus,

347 4365 383 4430 V.
413 4363 602 4430 Columbini
624 4369 740 4428 hatum
762 4364 894 4427 euredum
917 4361 1077 4426 continent
1100 4363 1144 4426 acl
1165 4360 1295 4425 classem
1317 4359 1351 4423 B

256 4451 453 4534 nannum,
483 4454 702 4535 cremplarauc
730 4453 815 4516 unde
837 4453 978 4534 pendent
1008 4450 1168 4515 lectionem
1198 4449 1352 4515 librorum

234 4534 336 4606 *Bla
358 4544 385 4608 b.
409 4543 442 4607 d.
472 4543 613 4607 ululatu
639 4563 704 4623 pro
733 4541 867 4605 eiulatu
902 4538 962 4617 (ita
983 4539 1017 4603 B
1034 4546 1053 4603 2
1078 4561 1147 4604 cum
1169 4537 1216 4620 Α)
1248 4560 1272 4604 c.
1298 4545 1351 4603 20.

259 4627 404 4715 exhibebat,
428 4631 484 4697 secl
505 4631 582 4696 locis
603 4629 767 4696 nonnullis
790 4629 885 4694 etiam
908 4649 977 4694 cnm
1000 4627 1157 4693 codicibus
1177 4626 1352 4692 Bararicis

259 4714 332 4784 Alc.
349 4720 378 4785 c*
402 4719 624 4786 conueniebat:

261 4925 280 4989 l)
294 4926 330 4991 Oi.
347 4929 389 4985 Ἦ.
407 4929 501 4984 Arete!
518 4928 628 4995 XXVI,
643 4945 673 4995 p.
686 4931 747 4984 325.
783 4929 878 4980 Etiam
900 4928 970 4979 alter
993 4928 1023 4981 V.
1045 4926 1202 4980 Columbomi
1223 4926 1303 4977 codex
1322 4926 1352 4974 in

261 4996 327 5049 Mun
341 5003 501 5054 mmmmm
518 5001 581 5053 olim
594 5000 783 5052 memoabatm·
795 5001 844 5065 (cf.
859 4997 959 5052 ‘Arch’
973 4998 1042 5064 XII,
1059 5016 1088 5065 p.
1103 4999 1168 5062 728)
1186 5013 1212 5050 n.
1226 5000 1243 5050 2
1261 4998 1350 5062 (662),

234 5065 358 5138 Iti-242,
374 5074 435 5125 item
454 5087 473 5123 a
490 5087 512 5127 c.
524 5075 551 5127 2.
570 5074 700 5137 iucipiens
717 5076 740 5122 ct
758 5071 879 5123 desinens
897 5071 940 5121 his
958 5070 1059 5121 uerbis:
1084 5072 1165 5121 nocte
1183 5067 1235 5119 hac
1253 5065 1352 5118 disces-

264 5143 343 5197 oemnt.
369 5143 399 5195 Ie
414 5146 445 5195 in
459 5145 652 5210 moesiorum
664 5143 830 5194 bibliothecae
847 5143 997 5194 nationalis
1009 5143 1141 5192 transisse
1159 5142 1266 5191 minime
1281 5139 1353 5190 oide-

264 5210 305 5274 btr,
325 5213 365 5264 ud
379 5229 430 5281 quo
446 5216 558 5267 antem
575 5215 686 5266 adiutor
703 5214 855 5264 euoenon
873 5229 990 5265 meorum
1009 5227 1099 5263 eruere
1117 5212 1204 5262 adhuc
1220 5210 1352 5276 nequibat.

266 5277 287 5345 2)
296 5279 329 5345 0).
339 5282 490 5352 Namnet,
503 5285 649 5352 munem
661 5285 722 5339 libr.
735 5300 798 5339 niss.
812 5284 872 5338 bibl.
885 5285 999 5336 ciuitatis
1012 5283 1169 5349 lipsiensis,
1183 5283 1260 5346 1838,
1270 5299 1299 5348 p.
1310 5283 1353 5335 62.
