3184 6800
239 1335 274 1389 36
452 1329 578 1397 lom,
591 1328 714 1384 VITAE
730 1327 961 1387 COLUMBANI
978 1328 1087 1385 LIBRI
1104 1329 1144 1387 11.

239 1512 449 1579 reverentiam
471 1511 695 1593 impenderem,
725 1511 760 1576 bi
787 1511 966 1577 insolentiis
992 1513 1181 1593 respondere
1208 1513 1364 1593 solebant,

240 1602 324 1667 unde
354 1600 563 1665 Arioualdus
592 1602 657 1664 due
690 1599 904 1665 Taurinensis
926 1600 1110 1682 presbytero
1139 1600 1271 1665 suidam
1300 1599 1365 1665 Bo

241 1689 343 1756 bienn
366 1689 406 1754 ab
429 1688 552 1753 Albula
579 1688 726 1753 Tioinum
747 1688 845 1753 misso
874 1709 1050 1769 bannens,
1076 1688 1162 1770 ‘iste',
1192 1687 1312 1770 inquit,
1339 1688 1364 1753 ‘e

245 1777 434 1844 Columbani
455 1777 621 1842 monacbis
642 1783 696 1858 est,
719 1777 775 1858 qui
797 1776 889 1842 nobis
910 1776 1123 1842 salutantibus
1137 1780 1273 1860 denepat
1286 1784 1366 1859 apta

242 1866 476 1948 respondere'l.
527 1865 605 1931 (iiim
634 1865 671 1930 in
692 1865 874 1947 ouaubone
899 1865 997 1930 trium
1019 1865 1230 1947 capitulorum
1254 1888 1390 1948 papaes

246 1954 459 2021 Columbanns
480 1954 613 2035 fortiter·
629 1954 801 2035 restitisset,
829 1954 955 2019 Allata
984 1954 1286 2035 sedisapostolicae
1315 1976 1363 2020 oo·

243 2043 360 2110 luntati
381 2064 415 2108 se
443 2041 583 2124 subiecit,
611 2043 737 2109 sublata
766 2042 983 2108 communione
1011 2064 1082 2107 mm
1112 2042 1361 2123 defendentibus,

242 2153 306 2214 qua
329 2133 366 2198 de
389 2153 489 2197 eausa
511 2132 551 2197 ab
574 2130 724 2213 Aprestio
745 2131 899 2196 macho
921 2131 1118 2196 maerim
1140 2131 1278 2213 epistula
1302 2152 1363 2213 per

242 2222 386 2286 Aureum
416 2220 605 2285 Adalioaldi
638 2219 723 2301 repis
751 2219 1040 2301 Lanpobardonom
1068 2220 1233 2286 notarium
1262 2221 1362 2285 misso

243 2310 310 2391 ipse
331 2308 597 2374 uehementissime
617 2308 844 2389 increpabatur
853 2310 874 2370 ².
920 2308 1114 2373 Idololatria
1136 2315 1242 2374 antem
1264 2331 1305 2374 ne
1327 2308 1362 2373 in
1378 2332 1398 2371 o

245 2397 348 2462 Italia
384 2397 510 2479 quidm
548 2403 622 2462 tuno
658 2396 818 2479 extirpata
851 2403 936 2477 erat,
982 2397 1157 2478 fanumque
1193 2397 1362 2462 arboribus

243 2485 402 2551 intersitis
424 2486 513 2550 baud
528 2486 642 2567 prourl
663 2507 685 2550 a
706 2484 898 2550 mausum
913 2484 950 2550 in
964 2484 1043 2550 oilla
1057 2487 1103 2551 ad
1116 2486 1211 2551 Iram
1226 2486 1362 2565 fluuium

245 2574 341 2640 sitnon
363 2581 441 2655 erat,
466 2574 517 2640 oui
539 2574 709 2639 Maroneus
730 2575 905 2639 manaem
919 2573 1096 2640 Dertonam
1118 2574 1236 2640 mnsus
1258 2574 1363 2656 sanein

246 2664 438 2745 supponebat
445 2664 466 2728 ⁸.
524 2662 590 2729 Die
623 2662 707 2727 uitae
739 2682 885 2745 supremo
918 2662 1058 2728 instante
1091 2663 1215 2728 Atbala
1253 2670 1363 2745 saepta

246 2752 432 2819 monasterii
462 2752 630 2832 densabat,
654 2758 734 2817 testa
762 2751 935 2832 sarciebat,
971 2772 1066 2834 equos
1093 2751 1194 2833 quiete
1228 2751 1361 2833 fouebat,
1379 2772 1399 2811 o

136 2874 137 2878 ¹
246 2842 344 2907 libros
366 2839 573 2924 lipaminibus
598 2842 759 2922 firmabat,
789 2840 994 2921 supellectiles
1022 2840 1120 2922 ablui,
1151 2842 1364 2906 calceamenta

241 2930 362 3012 parari
396 2930 564 3011 omniaque
598 2950 679 3011 quae
713 2935 863 3010 corrupta
897 2936 991 2994 aaut
1018 2929 1198 2995 restaurari
1227 2929 1363 3010 iubebat,

247 3018 340 3100 quasi
376 3018 438 3083 iter
470 3019 631 3099 ¹quoddam
664 3025 866 3099 suscepturus
898 3024 985 3083 esset.
1047 3018 1135 3083 Obiit
1169 3024 1276 3083 autem
1315 3018 1365 3082 die

250 3113 300 3170 10.
325 3105 447 3170 Martii
477 3127 502 3169 e.
530 3127 560 3168 u.
586 3106 684 3168 626.4
729 3106 821 3171 Sosio
849 3106 1037 3171 moribundo
1066 3107 1207 3187 fratrum
1238 3113 1366 3172 catuna

247 3197 377 3260 adstare
398 3194 523 3273 solebat,
547 3200 583 3257 ut
603 3194 732 3259 animae
754 3196 792 3259 de
814 3195 881 3259 uita
904 3195 1030 3260 nutriti
1052 3215 1212 3277 supremos
1230 3196 1367 3260 bonores
1382 3217 1404 3256 u

240 3284 414 3365 psallentes
435 3281 608 3347 tribuerent
616 3284 638 3345 ³.

154 3395 228 3446 uos.
355 3369 608 3452 *Eustasius
646 3370 720 3436 item
757 3393 774 3436 e
810 3372 1081 3454 Burpundiouurn
1112 3393 1226 3455 ponere
1265 3372 1367 3438 nobili

248 3467 344 3540 ortus,
375 3467 410 3525 ut
439 3467 508 3524 erat
536 3459 700 3542 indipena,
732 3483 753 3526 a
783 3460 930 3525 oornitatu
960 3461 1063 3526 saneti
1087 3461 1233 3526 Luuooio
1264 3463 1366 3527 absee-

248 3548 359 3629 dentis,
389 3555 424 3612 ut
449 3556 633 3629 remaneret,
664 3550 793 3614 aoulncs
823 3556 900 3631 erat,
931 3551 1095 3615 laborante
1117 3549 1234 3615 Mietio
1263 3550 1368 3632 ipsius

248 3637 412 3718 auuuoulo,
437 3637 493 3719 qui
514 3638 661 3702 ecelesiae
676 3637 875 3719 Idupouiooe
897 3638 1058 3719 episeopus
1081 3646 1155 3704 tuno
1170 3642 1367 3720 praeerat⁵,·
1383 3659 1404 3699 n

248 3729 304 3791 sed
325 3732 436 3807 postea
463 3748 532 3790 euni
560 3726 668 3790 inultis
696 3727 855 3804 fratribus
878 3727 1131 3792 Lusooiensibus
1158 3729 1203 3792 ad
1229 3729 1367 3793 Theudo-

249 3817 368 3880 bertum
391 3835 494 3896 repen
517 3814 718 3895 oonfhupisse⁶
739 3814 872 3895 uidetur,
901 3837 970 3880 euno
999 3816 1084 3880 inter
1113 3837 1164 3881 eos
1193 3823 1280 3897 esset,
1313 3817 1367 3898 qui

241 3925 347 3988 prope
383 3902 596 3984 Bripontiarn
641 3923 711 3968 euru
748 3910 857 3968 saneto
896 3910 1108 3968 uersarentur.
1170 3905 1264 3969 Idem
1303 3906 1367 3970 looo

247 3991 403 4075 uapistri,
434 4013 504 4057 eun
533 3991 656 4057 Atbala
684 3992 788 4074 ipsum
819 3993 965 4073 subsequi
993 3993 1155 4058 maluisset
1183 4015 1282 4075 neque
1313 3992 1367 4074 qui

247 4084 328 4147 alter
357 4081 540 4164 &donatus
568 4089 652 4147 erat⁴
670 4081 876 4148 Woldeleuus
902 4081 1105 4162 praepositus
1139 4082 1245 4160 faetus
1279 4089 1366 4162 esset,
1382 4107 1404 4147 so

247 4170 474 4236 monasterium
490 4170 688 4235 Luaooiense
702 4171 907 4252 pubernabat,
927 4176 1080 4251 patreque
1096 4171 1253 4252 defuneto,
1273 4171 1367 4236 etiarn

248 4259 372 4325 abbatis
401 4280 514 4324 nuneu
542 4259 667 4322 nieruit.
720 4260 775 4322 Eu
803 4259 906 4323 Italia
935 4260 1109 4340 reuersusl,
1140 4280 1201 4341 quo
1230 4260 1366 4342 lepatum

248 4369 318 4411 euru
341 4368 362 4410 a
382 4346 566 4410 Oblotliario
588 4346 720 4410 missum
742 4367 808 4411 esse
830 4368 929 4429 supra
949 4348 1112 4427 enarrari,
1130 4368 1194 4429 pro
1210 4347 1367 4414 communi

249 4433 431 4498 necessitate
460 4439 490 4498 et
518 4434 655 4511 fortusse
678 4455 741 4515 pro
764 4436 990 4502 Leuderuundo
1020 4435 1160 4518 episeopo
1188 4435 1367 4502 Sedunensi

250 4524 488 4602 Weouurus,
524 4521 579 4601 qui
607 4520 837 4602 perduellionis
870 4546 944 4589 reus
972 4524 1153 4589 Luuooium
1186 4526 1232 4590 ad
1264 4525 1399 4607 ipsumsi

250 4632 281 4675 a.
318 4606 428 4692 613t4.
465 4610 681 4692 oonfuperot⁸,
716 4613 760 4676 ad
792 4615 924 4678 eundern
958 4635 1061 4695 repen
1095 4634 1127 4678 se
1161 4613 1295 4679 contulit
1331 4613 1367 4677 in

250 4697 407 4764 Neustria
435 4697 631 4763 residentem.
677 4699 817 4765 Doiuurn
845 4722 1007 4783 repressus
1030 4708 1233 4783 praecepturi
1264 4701 1367 4768 saneti

249 4788 378 4869 implere
400 4788 552 4867 studebat,
579 4794 615 4852 ut
640 4796 747 4869 pentes
775 4789 901 4854 uioinas
929 4792 993 4870 lide
1023 4790 1177 4856 oatbolioo
1205 4790 1366 4856 imbueret.

249 4878 300 4942 Eo
323 4882 428 4942 autern
450 4875 582 4941 oonsilio
605 4877 693 4942 laud
713 4877 761 4941 ita
784 4878 875 4960 lonpe
897 4900 919 4943 a
941 4879 1133 4944 monasterio
1157 4879 1314 4962 propredi
1339 4877 1368 4944 ei

250 4986 327 5046 opus
349 4971 427 5030 erut.
474 4965 530 5029 Ad
550 4971 715 5047 utramque
737 4964 843 5031 Dubis
865 4967 961 5044 fluuii
986 4967 1092 5049 riparn
1121 4968 1283 5049 Warasei,
1314 4965 1370 5049 qui
1411 5007 1416 5024 «

251 5154 277 5224 1)
301 5157 331 5211 V.
351 5156 579 5224 ootuuo.11,24.
651 5155 679 5225 2)
704 5157 841 5225 Io.11,o.
914 5161 943 5227 3)
971 5160 1014 5215 lb.
1031 5160 1128 5226 ltro.
1203 5157 1232 5228 4)
1257 5159 1321 5212 Vide
1339 5174 1416 5211 oa-

250 5241 318 5292 quoe
336 5228 373 5278 ad
390 5227 430 5292 II,
443 5229 468 5282 6.
486 5229 619 5282 adnotavi.
674 5226 980 5296 5)V.ootumb.1,20.
1040 5232 1068 5298 6)
1083 5230 1126 5287 Ib.
1142 5230 1223 5297 I,27.
1280 5229 1316 5299 7)·
1329 5230 1416 5284 Ib-

251 5295 292 5362 ΙΙ,
304 5299 400 5352 7-10.
472 5300 500 5366 8)
518 5299 601 5367 Apud
617 5299 699 5353 Frod.
714 5299 767 5366 IV,
778 5302 823 5367 44,
841 5316 936 5354 mmen
953 5301 1098 5354 Austasius
1115 5303 1248 5368 seriptum
1265 5307 1312 5357 set.
