3184 6800
453 1347 576 1417 IONAS,
588 1347 713 1404 VITAE
729 1347 959 1405 OOLUMBANI
976 1347 1085 1404 LIBRI
1101 1348 1143 1405 11.
1319 1354 1356 1410 85

211 1524 338 1596 tiones
361 1553 384 1596 a
407 1529 566 1595 conditore
587 1535 731 1612 acceptas
759 1529 903 1613 intepras
926 1530 1064 1612 postera
1092 1551 1219 1596 cauare
1248 1533 1355 1615 neani-

217 1625 358 1684 verunt.

343 1707 392 1772 In
429 1706 619 1771 monasterio
651 1706 820 1788 Bobiensi,
859 1706 1052 1773 Columbaria
1088 1714 1226 1790 mutuo,
1258 1715 1356 1791 poter

232 1795 388 1875 suffectus
421 1801 467 1860 est
493 1794 678 1876 Atloala1,
709 1794 761 1861 cui
789 1816 830 1860 ea
861 1795 1052 1862 Tberrderici
1081 1818 1179 1880 repno
1207 1799 1355 1880 mstis

207 1890 368 1961 scandas
390 1882 576 1949 monasterii
594 1882 807 1948 eroamnsis
822 1883 934 1968 primo
957 1884 1155 1951 eornmmerat
1174 1885 1353 1967 imperium.

239 1971 269 2038 Is
300 1995 319 2038 e
349 1971 623 2054 Burpundionum
649 1992 763 2053 penore
794 1972 895 2037 nobili
923 1979 1103 2056 propnatus
1133 1974 1279 2040 liberales
1307 1975 1354 2041 lit-

238 2067 321 2127 teras
349 2083 372 2126 a
396 2067 492 2142 patre
513 2059 680 2141 didicerat,
708 2060 822 2126 deinde
844 2060 960 2144 Aripio
982 2061 1124 2144 moseopo
1145 2063 1355 2146 lugdunensi

238 2150 472 2215 comendatus
492 2155 571 2229 erat,
594 2154 630 2212 oc
651 2170 722 2214 cum
744 2148 906 2214 sodalibus
931 2150 976 2214 ad
1002 2151 1181 2216 caeculmes
1209 2152 1355 2219 ecolesma

235 2239 372 2304 bonores
389 2242 643 2320 praepararetur
648 2260 662 2320 ,¹
684 2238 729 2302 ad
749 2237 848 2302 uitam
863 2243 966 2302 autem
980 2238 1187 2305 coenobialem
1202 2240 1355 2322 aspirans

202 2354 222 2394 1o
236 2348 305 2392 mm
329 2327 451 2392 duobus
466 2325 580 2408 pueris
603 2326 648 2390 ad
669 2325 847 2391 Lerinense
868 2326 1095 2392 morcasterium
1116 2347 1149 2394 se
1171 2329 1353 2411 contulerat,

235 2435 367 2498 nomque
397 2412 600 2496 disciplinam
633 2414 682 2479 ibi
710 2415 854 2480 mmmm
882 2434 949 2479 esse
977 2415 1265 2498 animaduertisset,
1299 2417 1355 2484 Co

235 2505 422 2569 lurnbunum
451 2501 590 2567 &marii
618 2502 762 2581 adierat,
790 2501 847 2584 qui
878 2523 935 2567 suo
965 2503 1142 2570 ministerio
1170 2504 1355 2572 adiunctum

234 2613 307 2658 euru
330 2591 511 2673 disciplinis
533 2589 754 2657 ecclesiastieis
775 2590 933 2656 instruere
954 2593 1106 2658 studebat.
1152 2594 1228 2659 Iam
1256 2595 1356 2660 abbas

235 2687 363 2746 meatus
400 2680 537 2761 eaanplo
574 2679 722 2762 mapistri
763 2678 967 2761 disciplinam
1007 2682 1185 2762 repularem
1228 2682 1355 2761 fortiter

189 2799 216 2839 a
234 2770 408 2834 exercebat.
454 2767 582 2834 Srrbditi
603 2767 741 2833 nimium
762 2768 837 2833 naui
854 2768 962 2851 patris
983 2769 1139 2847 feroomm
1168 2769 1222 2833 oia
1251 2791 1355 2852 aspre

234 2879 295 2940 aue
317 2857 524 2937 sustinebant,
548 2856 716 2938 animoque
739 2857 891 2937 cornmoti,
922 2878 992 2922 cum
1014 2858 1054 2922 ab
1080 2857 1150 2939 ipso
1177 2857 1234 2923 diu
1263 2858 1355 2924 easti-

231 2953 400 3030 parentur,
425 2945 598 3010 libertatern
620 2945 833 3010 desideratam
855 2944 1026 3026 quaesiere,
1050 2951 1143 3027 atque
1164 2946 1355 3013 monasteria

234 3034 354 3116 relicto,
385 3033 447 3100 alii
475 3033 567 3099 sinus
595 3033 774 3099 maritimos
805 3033 922 3114 adiere,
953 3033 1013 3098 alii
1043 3033 1236 3100 erernitieam
1270 3041 1355 3102 ante

229 3144 367 3205 posuere
395 3122 503 3203 cutam,
533 3122 599 3187 siae
628 3121 824 3188 commerciis
852 3121 917 3186 sive
946 3128 1066 3188 aalma
1093 3122 1197 3206 napis
1226 3124 1355 3189 delecta

189 3242 217 3283 ιο
235 3214 375 3293 bantur,·
396 3211 504 3277 abbati
525 3231 598 3276 cero
621 3211 786 3276 detrahere
806 3232 871 3275 non
886 3212 1059 3276 cessabant.
1097 3212 1236 3278 Interim
1250 3212 1353 3278 obiur-

234 3305 330 3383 palor
362 3299 651 3365 vehementissimus
684 3305 814 3363 mortem
848 3299 998 3364 occubuit.
1056 3301 1123 3381 Quo
1152 3301 1243 3384 sipon
1277 3301 1354 3367 tacti

230 3388 370 3471 plurimi
392 3390 438 3454 ad
458 3410 490 3453 se
512 3387 684 3469 redierunt,
701 3387 946 3471 praemissaque
968 3388 1165 3468 consessione
1187 3390 1352 3472 paeniten-

236 3478 352 3559 tiaque,
376 3476 484 3543 abbati
506 3476 704 3542 reconciliati
729 3482 813 3557 sunt,
844 3476 957 3558 anione
985 3478 1175 3544 uerecundia
1203 3486 1278 3545 tune
1306 3500 1352 3545 re·

235 3566 430 3647 timebantur,
454 3565 591 3631 aliorum
613 3572 711 3630 morte
727 3564 895 3647 perterriti
917 3572 1032 3649 postea
1053 3566 1090 3631 in
1117 3567 1259 3649 pralium
1287 3589 1353 3634 suc-

189 3676 364 3727 secessere.
410 3654 568 3719 Mouaelci
590 3653 763 3719 Bobienses
785 3653 866 3719 sicut
879 3653 1094 3719 Lnuocdmnes
1116 3656 1190 3738 apri
1212 3657 1354 3722 culturae

235 3745 395 3809 cacabant
417 3743 616 3824 telluremque
638 3746 683 3809 ad
703 3743 867 3821 frumenta
889 3742 1091 3824 suscipienda
1119 3766 1240 3809 comere
1269 3766 1353 3810 exeo

236 3833 353 3897 lebant.
416 3831 494 3897 (lum
531 3831 636 3911 frater
668 3831 800 3913 quidam
832 3830 870 3895 in
907 3834 1092 3913 reparanda
1129 3832 1211 3897 stica
1246 3834 1353 3916 plebae

235 3920 409 4002 asperitate
431 3919 597 3999 confracta
612 3919 760 4002 pollicem
782 3918 973 4000 abscidisset,
989 3919 1093 4002 ipsum
1108 3922 1252 4003 quamuis
1267 3929 1354 3988 terra

235 4011 305 4074 iarn
342 4008 501 4074 conditum
534 4008 658 4074 Albala
693 4007 807 4074 manui
844 4007 995 4072 adiunnc't
1029 4029 1174 4091 moreque
1206 4009 1354 4091 mapistrc'

189 4129 219 4171 ω
236 4097 376 4163 sanauit.
422 4098 633 4162 Frumentum
656 4096 779 4161 barrels
802 4096 971 4177 coroddam,
994 4102 1029 4161 ut
1054 4097 1092 4161 in
1118 4097 1267 4177 femmam
1288 4119 1353 4162 mu

236 4192 338 4252 tatum
359 4184 457 4250 metui
478 4186 617 4250 bumana
640 4187 856 4267 adaptaretur,
880 4184 917 4249 in
936 4185 1149 4250 molendinum
1164 4186 1354 4250 tradendum

236 4282 318 4340 erat.
363 4274 451 4339 Erat
471 4280 575 4339 autem
603 4273 819 4339 molendinum
847 4272 1033 4337 monasterii
1062 4275 1106 4339 ad
1127 4272 1265 4338 Bobium
1294 4280 1354 4339 tor-

235 4370 357 4429 rentem
391 4362 494 4444 situm,
529 4362 618 4444 eique
651 4383 736 4427 unus
769 4383 809 4426 ea
837 4361 998 4440 fratribus
1026 4369 1128 4428 custos
1150 4362 1355 4447 praepositus

235 4473 368 4517 munere
401 4451 482 4516 satis
504 4450 683 4533 periculoso
712 4450 906 4533 funpebatur
935 4456 1077 4532 ternpore,
1108 4470 1168 4533 quo
1197 4473 1355 4533 aquarum

190 4570 218 4612 ‚s
235 4541 333 4605 moles
356 4561 395 4604 eu
423 4540 580 4604 montibus
611 4540 757 4620 delapsae
786 4538 919 4619 rupibus
947 4540 1174 4622 arboribusque
1203 4541 1355 4624 compostis

236 4635 334 4695 toturn
364 4627 531 4707 officinam
558 4628 735 4710 demerpere
764 4626 956 4692 nitebantur.
1009 4628 1132 4693 Atbala
1162 4650 1226 4694 uon
1254 4631 1355 4695 solum

235 4716 401 4799 sinpulari
422 4716 546 4796 fauore
568 4715 731 4796 eminebat,
755 4718 811 4781 sed
832 4714 927 4780 etiarn
942 4717 1138 4798 quaestiones
1153 4717 1355 4797 difficiliores

236 4812 268 4871 et
299 4806 418 4871 soluere
452 4811 481 4869 et
514 4825 666 4887 opponere
694 4810 830 4886 poterat,
864 4803 913 4869 ita
945 4811 982 4869 ut
1014 4805 1155 4870 Arianis
1188 4804 1356 4870 haereticos

235 4893 367 4975 sortiter
388 4893 534 4958 resistere
556 4894 681 4958 caleret.
732 4892 795 4974 Quo·
818 4913 887 4957 cum
904 4895 1111 4974 praecedente
1133 4914 1204 4975 repe
1227 4893 1355 4974 ouantis

188 5014 216 5054 40
228 4988 383 5065 poterant
404 4981 528 5047 uiribus
549 4981 776 5047 monasterium
791 4981 989 5047 sublevarent
1004 5003 1183 5064 manumque
1197 4981 1355 5062 fratribus

236 5176 265 5240 1)
292 5174 323 5227 V.
344 5172 462 5226 Columb.
479 5172 520 5238 ΙΙ,
534 5174 615 5227 1-6;
651 5173 753 5225 Nomen
773 5174 962 5225 (tamaricum
986 5180 1016 5224 ut
1033 5171 1137 5224 Athala
1154 5174 1229 5239 aptcd
1248 5172 1356 5225 Cassio-

234 5246 334 5297 aarum
352 5245 438 5309 (Var,
457 5243 511 5309 XI,
526 5246 564 5310 1),
585 5242 670 5295 Achal
695 5244 768 5310 apud
786 5243 929 5295 Iordanem
953 5245 1042 5308 (Anat.
1059 5245 1143 5309 antiq,
1162 5244 1231 5311 V,l,
1247 5261 1277 5312 p.
1291 5246 1356 5305 143)

234 5318 322 5382 audit,
348 5317 390 5366 ita
413 5317 444 5366 r'n
469 5314 623 5367 melioribus
642 5314 723 5366 Ionae
747 5314 877 5367 cadtctbm
894 5313 997 5366 Athela
1014 5319 1038 5366 ct
1055 5313 1140 5366 Atals
1162 5317 1292 5382 scriptum
1309 5322 1356 5369 cst.

1143 5404 1177 5458 3*
