3184 6800
319 1322 354 1374 10
530 1314 655 1384 IONAS,
668 1314 791 1371 VITAE
811 1314 1040 1371 COLUMBANI
1058 1313 1167 1370 LIBRI
1183 1313 1223 1372 ΙΙ

317 1499 435 1565 scilieet
456 1497 540 1564 diem
562 1504 615 1562 21.
636 1497 766 1579 Martii,
790 1519 843 1563 eos
865 1497 1059 1582 opinabatur
1080 1496 1341 1562 resurrectionem
1366 1505 1445 1563 ante

311 1587 496 1670 passionem
518 1588 682 1668 celebrare,
712 1607 808 1668 quam
829 1586 904 1651 item
927 1586 978 1651 die
1007 1592 1059 1650 25.
1084 1586 1207 1651 Martii
1228 1586 1352 1665 factam
1374 1608 1445 1652 esse

318 1677 494 1741 tradebant.
546 1674 762 1742 Grauissimos
782 1675 885 1758 iqitur
906 1696 1031 1740 errares
1057 1677 1095 1739 in
1117 1675 1202 1757 cqcla
1228 1673 1361 1740 Victorii
1390 1677 1444 1740 de

312 1764 519 1847 prehendisse
541 1764 603 1828 sibi
625 1764 712 1829 uisus
734 1771 787 1846 est,
811 1764 938 1846 ipseque
955 1764 1136 1829 mirabatur
1153 1763 1357 1829 schismatica
1380 1764 1444 1829 illa

318 1875 340 1917 a
359 1875 450 1937 papa
473 1874 538 1918 non
560 1853 626 1918 iam
649 1853 706 1917 diu
728 1874 793 1918 esse
816 1873 904 1918 rasa.
943 1853 1116 1918 Praeterea
1138 1852 1176 1918 in
1197 1851 1352 1934 episcopis
1372 1852 1476 1918 illiss

323 1942 505 2008 Gallicanis
519 1942 684 2006 contraria
699 1942 875 2007 canonibus
890 1942 979 2008 baud
989 1963 1098 2023 pauco
1116 1941 1301 2020 offenderat.
1335 1941 1444 2006 Multi

317 2031 403 2096 inter
424 2052 475 2095 eas
501 2030 752 2114 reperiebantur,
782 2030 839 2112 qui
868 2038 979 2096 contra
1008 2051 1145 2096 canones
1170 2036 1318 2112 quaestus
1340 2051 1444 2095 causa

318 2119 461 2185 ordinati
498 2125 593 2184 erant
625 2119 804 2199 simoniaci,
839 2119 967 2201 aliique,
1003 2120 1059 2202 qui
1091 2119 1129 2183 in
1163 2118 1335 2183 diaconatu
1370 2140 1444 2183 cum

235 2225 300 2274 ’9.9.
317 2208 470 2273 cruoribus
492 2229 572 2289 quas
594 2215 690 2273 antea
713 2209 899 2290 habuerant,
931 2245 974 2252 —
997 2208 1158 2273 clientelas
1181 2209 1250 2272 ‘aas
1271 2206 1442 2288 vocitabat,

318 2332 362 2342 —
389 2297 581 2362 adulterium
611 2297 842 2362 commiserant.
888 2297 1047 2379 Moqistri
1069 2295 1250 2377 Hibernia,
1281 2317 1297 2360 e
1325 2296 1444 2377 quibus
1463 2321 1489 2360 1⁰

323 2385 454 2451 Gildom
469 2385 612 2469 protulit,
633 2387 670 2449 de
689 2385 842 2450 eiusmodi
857 2386 979 2452 delictis
993 2386 1074 2452 satis
1088 2406 1193 2450 seuere
1207 2385 1442 2465 indicaverant,

318 2474 441 2556 ipsique
470 2473 600 2539 dubium
630 2481 707 2554 erat,
738 2474 818 2555 quin
848 2482 959 2540 cumt
947 2475 1064 2540 talibus
1091 2473 1245 2556 episcopis
1272 2473 1443 2538 communi·

319 2564 455 2629 candum
478 2569 564 2628 esset
544 2564 695 2627 ttTan
683 2570 748 2628 tam
770 2569 874 2628 antem
897 2570 970 2629 auct
970 2563 1115 2629 critatem
1127 2583 1198 2715 per
1223 2562 1388 2628 Gallias
1372 2583 1444 2626 ram

318 2659 612 2752 comparabuntur
590 2651 758 2716 moesti
715 2658 758 2716 ist
759 2673 848 2716 arum
864 2653 1013 2718 nonnulli
1028 2651 1237 2718 conscientias
1259 2671 1335 2716 suas
1348 2672 1443 2733 pere

316 2740 412 2841 99999
433 2740 485 2806 illi
508 2740 715 2841 operuissent,
738 2740 775 2806 in
778 2747 941 2824 tterroqan
941 2763 982 2823 es,
1005 2764 1027 2806 u
1028 2748 1112 2806 trum
1128 2746 1232 2822 postt
1190 2739 1302 2804 ltalia
1324 2740 1444 2805 delicta
1462 2763 1488 2803 15

317 2830 385 2895 iam
407 2829 545 2912 episcopi
567 2851 632 2895 esse
651 2836 778 2912 possent
801 2852 919 2912 annon,
943 2831 1071 2914 ipseque
1086 2837 1114 2894 et
1128 2831 1213 2895 banc
1226 2828 1444 2911 quaestionem

311 2941 423 3003 papae
452 2918 696 2984 diiudicandum
712 2919 890 3018 proposuit.
869 2919 1056 3000 tTertia
1092 2918 1170 3019 quid
1203 2919 1241 2982 de
1274 2917 1444 2983 monacbis

318 3007 502 3086 faciendum
525 3013 610 3088 esset,
590 3007 816 3072 tenndem
802 3029 838 3072 rn
840 3008 1021 3108 terroqoait
1052 3007 1107 3090 qui
1130 3005 1333 3089 perfectioris
1355 3006 1444 3072 uitae

319 3095 476 3161 desiderio
506 3095 639 3176 accensi,
674 3095 806 3176 neqlect'
792 3117 822 3160 rs
851 3096 931 3161 uotis
959 3097 1036 3178 suis,
1065 3095 1194 3178 primae
1224 3094 1444 3160 conversionis

319 3185 388 3249 loca
417 3184 688 3265 relinquerantet
660 3184 800 3249 einuit
799 3184 828 3249 is
787 3186 1030 3267 tabbatibus,
1065 3185 1189 3264 fernam
1219 3190 1351 3283 copente,
1385 3191 1488 3249 antu

319 3275 478 3338 lassarent
466 3279 519 3337 tur
540 3279 597 3337 aut
584 3275 670 3338 tad
696 3275 799 3339 desert
786 3280 820 3338 ta
842 3236 1056 3356 canfuqcrerlt.
1106 3274 1221 3355 Tapori
1247 3272 1348 3355 iqitur
1379 3273 1443 3355 epi·

319 3368 463 3445 scopolus
490 3361 657 3429 Gaditani
679 3383 808 3428 suarum
831 3365 978 3429 ardorem
1001 3364 1151 3445 apposnit,
1182 3382 1272 3445 quem
1294 3361 1362 3428 iam
1386 3362 1444 3427 999

318 3453 404 3517 solus
426 3472 565 3517 coercere
581 3458 717 3533 poterat.

434 3559 569 3640 Uterque
591 3559 695 3641 cqclus
711 3558 879 3639 pascbalis
901 3581 988 3624 anno
1007 3565 1081 3624 603.
1105 3560 1208 3623 denuo
1229 3558 1278 3624 ita
1299 3558 1388 3623 inter
1410 3581 1444 3625 se

320 3647 528 3729 discrepabat,
558 3654 594 3713 ut
620 3647 726 3712 Gallis
748 3646 817 3712 dies
840 3653 870 3711 7.
894 3648 1022 3730 Aprilis
1044 3649 1123 3713 luna
1147 3648 1253 3712 XXI.
1271 3648 1444 3729 paschalis
1462 3668 1488 3709 99

319 3743 411 3817 esset,
458 3758 528 3801 cum
567 3736 664 3801 Scotti
708 3736 759 3801 die
805 3743 858 3801 31.
897 3736 1018 3802 Martii
1055 3737 1134 3802 luno
1173 3737 1210 3801 X
1218 3735 1320 3801 VIII.
1359 3737 1444 3820 eqcli

318 3824 526 3890 LXXXIV
543 3845 711 3906 annornm,
737 3823 915 3891 Victoriani
937 3833 1041 3891 autem
1062 3825 1135 3908 ipso
1154 3826 1232 3891 luno
1250 3823 1351 3890 XIV.
1369 3847 1444 3891 cum

318 3914 452 3979 Iudaeis
471 3914 594 3996 pasobo
617 3913 817 3979 celebrarent.
861 3916 932 3997 Quo
955 3917 992 3980 de
1010 3936 1109 3980 consa
1131 3913 1268 3997 equcapi
1286 3914 1322 3979 in
1338 3935 1444 3980 unum

318 4002 507 4086 conpreqoti,
532 4004 570 4067 de
592 4002 670 4083 ddei
692 4009 721 4067 et
743 4003 894 4069 bonarum
918 4025 1047 4087 operum
1069 4004 1200 4069 ueritate
1220 4004 1394 4070 tractaturi
1413 4011 1443 4069 et

317 4093 356 4157 de
387 4091 610 4158 consuetudine
632 4091 760 4157 diuersa
788 4092 909 4158 indicio
940 4091 1118 4159 iudicaturi
1151 4098 1253 4157 erant.
1308 4091 1443 4158 Constat
1460 4112 1487 4153 99

317 4188 420 4247 antem
454 4181 540 4246 inter
573 4202 694 4263 amnes,
734 4184 889 4264 sqnodum
922 4182 1014 4247 illam
1047 4181 1148 4261 fuisse
1186 4179 1443 4246 Cabillonensem

317 4291 346 4335 a.
365 4276 440 4334 603.
464 4271 650 4335 celebratam
660 4271 680 4351 1,
705 4272 838 4335 eandem
859 4270 985 4352 scilicet,
1015 4270 1053 4335 in
1075 4291 1139 4353 qua
1161 4269 1353 4335 Desiderius
1377 4270 1441 4352 epi·

317 4379 427 4439 scopus
456 4358 646 4424 Viennensis
676 4360 772 4423 det
742 4364 850 4439 stupro
873 4361 1164 4424 condemnattus
1119 4365 1173 4423 est.
1224 4358 1442 4425 Columbanus

316 4446 385 4528 ipse
413 4466 615 4546 comparere·
624 4467 690 4511 nan
719 4467 826 4529 ansus,
861 4469 901 4513 ne
929 4448 1012 4527 forte
1046 4449 1244 4513 contenderet
1231 4453 1439 4530 tqoraesens,

317 4534 355 4600 lit
343 4538 462 4600 tteras²
492 4536 536 4599 od
564 4534 721 4617 episcopos
744 4538 1003 4637 presbyterosque
1025 4558 1085 4602 sua
1108 4558 1206 4602 causa
1235 4543 1441 4635 conpreqatas
1458 4556 1485 4597 u

315 4622 413 4705 misit
436 4623 473 4689 in
496 4622 643 4705 quibust
644 4645 746 4689 amum
768 4625 986 4709 responsionis
1001 4632 1075 4691 onte
1088 4624 1263 4690 triennium
1286 4624 1481 4706 scriptum

316 4712 539 4796 inclusitque
562 4715 832 4779 demonstraverat
854 4721 995 4779 omnest
995 4714 1077 4779 otius
1100 4713 1268 4781 occidentis
1228 4714 1442 4780 tecalesias

317 4764 500 4884 consentire,
531 4801 793 4868 resurrectionem
816 4810 890 4869 ante
913 4803 1097 4886 passionem
1119 4803 1195 4883 [ieri
1217 4824 1283 4867 nan
1305 4803 1441 4869 debere³

316 5013 344 5074 1)
365 5013 413 5067 SS.
426 5012 460 5067 R.
472 5011 573 5071 Meroe,
585 5012 643 5079 III,
656 5015 709 5068 620
716 5028 729 5077 ,·
746 5014 781 5077 cf.
794 5013 895 5079 Hertd,
907 5014 1093 5080 ‘Aumcrlcuuq
1107 5029 1161 5065 zur
1173 5013 1264 5068 Gaul.
1279 5013 1442 5067 Columba's'

315 5084 467 5147 (Quanam
480 5084 503 5147 f
516 5084 734 5150 Ktrcbenqasah!
746 5084 803 5151 III,
818 5087 869 5141 145
879 5089 964 5153 sqq)
983 5084 1026 5144 (Ν,
1038 5084 1131 5139 Arcbl
1140 5085 1192 5146 IX,
1205 5086 1274 5147 146,·
1288 5083 1330 5139 W
1343 5085 1442 5137 Gund-
1459 5092 1487 5132 40

315 5089 385 5219 lach,
404 5155 449 5208 ‘.N
465 5155 560 5208 Aron!
571 5155 635 5222 XV,
649 5158 718 5218 510,·
735 5124 899 5211 Hadalcld
887 5155 1041 5223 lp..601⁸.
1099 5157 1127 5222 2)
1149 5156 1214 5211 Md
1232 5157 1286 5222 Ep
1303 5156 1361 5223 III,
1377 5160 1441 5214 160.

314 5224 345 5289 3)
365 5192 470 5277 laem
457 5243 487 5277 999
506 5228 621 5313 epistula
639 5228 676 5279 ad
695 5227 858 5293 Greqorinm
875 5228 1101 5280 demonstrarunt
1119 5234 1158 5294 (p.
1172 5229 1331 5293 169915)
1350 5196 1443 5282 ionem

315 5296 374 5359 fere
391 5312 442 5362 quo
459 5300 597 5365 responsio
613 5303 727 5366 tempore
743 5302 902 5366 consuiptc.
