3184 6800
391 1315 519 1386 IONAS,
531 1315 653 1372 VITAE
671 1316 900 1372 COLUMBANI
917 1316 1027 1373 LIBRI
1044 1317 1085 1372 11.
1264 1322 1297 1376 11

172 1521 278 1581 neque
311 1506 384 1565 anm
418 1499 650 1581 aequinoctium
683 1520 783 1581 neque
811 1500 898 1564 ultra
927 1501 1038 1565 lunam
1066 1500 1149 1564 XX.
1174 1501 1299 1581 pascba

175 1589 400 1654 celebrandum
429 1610 503 1654 esse.
550 1588 725 1654 Praeterea
755 1588 957 1653 traditionem
987 1610 1078 1653 suam
1107 1611 1214 1671 papae
1237 1610 1300 1671 per

176 1684 243 1742 tres
273 1685 369 1742 tomos
398 1683 584 1759 exposuerat
612 1678 792 1759 brevemque
822 1677 960 1742 libellum
990 1679 1098 1742 eodem
1127 1679 1165 1742 de
1194 1699 1229 1743 re
1256 1679 1301 1743 ad

176 1765 332 1848 Ariqinm
354 1767 445 1830 modo
467 1765 639 1848 scripserat
653 1765 867 1848 episcoporum
881 1766 1010 1831 illorum
1027 1766 1220 1850 principem
1244 1766 1300 1849 qui

141 1856 274 1936 spaulo
312 1861 386 1920 ante
430 1857 532 1920 sedem
569 1855 813 1937 lqunnensem
853 1861 966 1920 nactus
1005 1862 1076 1920 erat
1085 1857 1105 1918 1.
1172 1855 1300 1921 Calculo

177 1943 388 2009 LXXXIV
405 1959 565 2009 annorum
587 1943 800 2025 Anatolioqne
828 1964 885 2007 suo
907 1943 1120 2024 pertinaciter
1147 1943 1300 2009 maiorem

177 2034 276 2112 fidem
298 2032 446 2097 attribuit
467 2052 562 2114 quam
585 2031 724 2097 Victoria
753 2031 806 2095 illi
835 2053 937 2113 nuper
959 2032 1052 2098 dubie
1081 2033 1231 2098 scribenti
1261 2039 1298 2114 et,

177 2120 235 2186 nbi
258 2141 380 2185 necesse
402 2127 480 2202 erat,
516 2120 600 2185 nibil
632 2120 808 2202 definienti,
843 2120 996 2200 fiduciam
1025 2142 1098 2186 nero
1127 2142 1193 2186 non
1222 2124 1300 2187 adeo

178 2231 331 2291 maqnom
354 2209 502 2276 babuisse
523 2209 658 2290 uidetur,
687 2216 724 2275 nt
746 2209 1005 2274 adversariorum
1028 2210 1154 2275 animos
1177 2231 1301 2277 conaer-

132 2304 265 2378 10leret,
301 2319 378 2362 nam
411 2297 638 2363 contentionem
666 2297 734 2363 iam
764 2297 893 2363 omnino
922 2298 1041 2363 evitare
1069 2299 1175 2380 ooluit,
1206 2299 1301 2380 idque

179 2387 282 2452 solnm
292 2386 397 2469 petiit,
421 2393 457 2452 ul
473 2387 544 2468 sibi,
568 2386 624 2468 qui
641 2386 837 2452 diversitatis
853 2393 963 2452 auctor
976 2408 1042 2452 non
1057 2394 1143 2470 esset,
1160 2387 1197 2452 in
1212 2387 1302 2452 siluis

179 2475 248 2540 illis
271 2476 364 2540 silere
379 2482 409 2540 et
421 2475 525 2541 maere
540 2475 647 2540 liceret
659 2475 752 2540 iuxta
767 2497 840 2540 ossa
858 2482 895 2539 17
913 2476 1057 2555 fratrum
1071 2477 1300 2557 defunctorum,

179 2563 262 2630 sicut
284 2571 411 2647 per12
442 2585 546 2629 annos
573 2563 690 2629 ibidem
719 2563 860 2629 uixisset.
905 2565 961 2629 Ex
989 2565 1041 2630 bis
1063 2565 1167 2630 uerbis
1196 2564 1302 2647 colliqi

181 2653 261 2735 licet,
297 2674 327 2718 a.
352 2659 427 2717 591.
458 2653 576 2735 Vosaqi
605 2654 719 2717 saltum
749 2652 870 2718 adiisse
898 2660 1062 2718 retardans
1085 2674 1244 2735 pauperes
1273 2659 1303 2717 et

133 2769 162 2809 15
175 2741 367 2825 percqrinos
403 2763 492 2807 senes
528 2741 609 2822 illos,
648 2741 730 2806 sicul
772 2763 806 2806 se
842 2762 975 2823 suasque
1012 2742 1080 2825 ipse
1117 2741 1301 2825 appellarit.

181 2831 341 2908 Metuens,
365 2852 405 2895 ne
420 2830 457 2896 in
471 2852 532 2896 sna
548 2829 697 2914 opinione
706 2837 946 2912 perseuerantes
962 2830 1060 2896 Scotti
1075 2831 1303 2911 expellerentur

181 2940 221 2984 ex
243 2921 363 2984 deserto
385 2918 450 3000 illo,
476 2926 643 3000 utramque
665 2919 870 2984 traditionem
893 2920 1008 2984 bonam
1030 2940 1096 2984 esse
1119 2939 1212 3000 posse
1234 2918 1302 2984 iam

181 3029 247 3073 non
270 3008 399 3073 manino
422 3008 588 3090 deneqaoit
609 3007 741 3089 totisque
770 3008 893 3073 viribus
919 3007 1119 3073 conventioni
1142 3007 1303 3092 pacificae

181 3095 317 3161 instit't:
346 3096 453 3162 ‘unius
475 3096 560 3163 enim
581 3118 690 3161 sumus
712 3096 853 3178 empuis
875 3098 1090 3177 commembra,
1120 3097 1185 3162 siae
1212 3095 1303 3162 Gall'

133 3215 164 3255 ιο
183 3185 249 3250 siae
263 3185 424 3250 Britanni
445 3185 511 3250 sioe
526 3185 620 3250 Iberi
642 3185 707 3250 siae
725 3206 865 3268 quaeque
885 3186 1011 3267 qenlcs'.
1050 3185 1200 3250 Attamen
1220 3184 1303 3249 indi·

183 3273 272 3340 cibus
293 3275 362 3339 suis
390 3275 637 3356 haudquaquam
660 3274 812 3357 pepercit.
861 3275 1000 3339 Tantam
1028 3274 1175 3340 ecclesiae
1203 3273 1303 3339 Galli·

183 3383 285 3430 canae
307 3362 537 3446 corruptionem
560 3363 816 3446 deprehenderat,
842 3369 878 3427 ut
899 3363 965 3446 ipse
988 3369 1155 3446 exoptaret,
1185 3369 1221 3428 ut
1242 3361 1303 3445 epi·

183 3452 273 3536 scopi
301 3452 429 3535 saepius
457 3452 668 3533 conuenirent,
698 3459 734 3517 ut
762 3453 956 3535 neqleqentes
985 3453 1127 3517 timorem
1153 3453 1304 3517 baberent

183 3540 377 3623 studiosique
398 3540 621 3607 incitarentur.
659 3541 729 3606 Deo
752 3548 856 3606 autem
875 3542 1002 3625 qratias
1024 3541 1094 3624 eqil,
1118 3547 1154 3606 nt
1175 3541 1223 3605 cel
1243 3562 1303 3606 sua

135 3658 165 3699 ss
184 3651 283 3695 causa
298 3631 437 3712 synodus
452 3630 561 3709 effecta
577 3636 662 3711 esset,
687 3629 746 3695 etsi
768 3651 834 3695 non
849 3636 915 3694 tam
933 3632 971 3695 de
988 3630 1156 3711 paschatis
1170 3630 1302 3711 neqolio,

184 3721 269 3801 quod
295 3718 363 3784 iam
392 3719 450 3784 din
472 3718 658 3784 ventilatum
680 3725 758 3784 esset
780 3718 896 3800 diuque
919 3742 940 3784 a
963 3719 1099 3784 dirersis
1122 3719 1303 3784 auctoribus

183 3807 367 3889 iudicatum,
395 3808 531 3874 tractari
553 3807 653 3872 oalnit
673 3828 769 3889 qnam
791 3810 829 3872 de
852 3808 1014 3873 universis
1035 3807 1304 3873 observationibus

184 3896 358 3977 cononicis,
382 3917 404 3961 a
425 3896 542 3978 maltis,
566 3898 650 3977 quod
668 3897 803 3978 qraoins
824 3903 911 3978 esset,
935 3896 1127 3978 depravatis.

293 4004 440 4086 Sqnodus
472 4002 587 4068 iterum
620 4002 808 4068 sententiam
842 4002 926 4067 dixit
959 4002 1075 4069 Scottis
1108 4002 1304 4068 contrariam

135 4128 165 4168 ω
183 4091 358 4173 iterumque
385 4091 598 4157 Columbanus
626 4093 671 4156 ad
698 4094 801 4156 sedem
827 4091 1030 4173 apostolicam
1052 4092 1212 4172 appellare
1235 4112 1303 4155 con-

184 4179 296 4261 stituit,
327 4183 383 4245 sed
405 4179 614 4245 ‘tumultuosis
639 4180 780 4261 qentium
809 4179 1065 4245 interiacentium
1088 4179 1303 4243 seditionibus’

184 4268 401 4350 *aliquamdiu
433 4268 603 4351 impeditus
636 4275 688 4334 est.
743 4270 788 4334 In
821 4268 925 4334 Italia
959 4268 1044 4333 enim
1077 4267 1304 4349 Lanqobardis
1322 4292 1386 4336 ¹1..

183 4357 327 4422 Romani
349 4358 462 4423 bellum
490 4358 664 4438 inferentes
693 4357 807 4423 devicti
835 4365 918 4439 sunt,
949 4357 1109 4440 hostesque
1137 4378 1205 4422 una
1234 4378 1304 4422 cnm

185 4445 311 4512 Salonis
338 4446 406 4511 iarn
436 4447 481 4511 ad
508 4446 701 4512 obsidionem
726 4446 816 4512 urbis
838 4446 960 4512 Rornae
982 4452 1203 4529 perrexerant,
1234 4467 1304 4511 cum

134 4568 164 4610 ω
189 4534 365 4617 Greqorius
391 4557 483 4618 papa
517 4556 683 4601 occurrens
708 4535 859 4617 precibus
888 4556 939 4600 eos
970 4536 1096 4617 amovit,
1131 4534 1304 4616 tributaque

182 4623 330 4706 imposdo
363 4625 580 4689 abscesserunt
588 4626 608 4689 ².
667 4624 742 4689 Pax
776 4647 807 4689 a.
836 4630 911 4705 603,
950 4646 1054 4689 mense
1089 4625 1182 4705 Nan,
1220 4623 1305 4688 inter

182 4718 350 4794 utrantque
369 4719 500 4796 partem
522 4713 612 4792 sacta
634 4719 687 4793 est,
712 4714 749 4777 de
772 4732 837 4793 qua
859 4713 1006 4795 Aqilulso
1028 4713 1097 4795 reqi
1120 4733 1211 4794 papa
1232 4733 1305 4793 qra-

183 4800 249 4865 tias
271 4802 419 4866 rettulit³.
466 4800 604 4868 Interim
632 4802 725 4866 semel
747 4808 777 4866 et
799 4800 848 4867 bis
874 4801 1035 4866 tabellarii
1064 4823 1085 4865 a
1112 4800 1305 4866 Columbano

183 5011 213 5081 1)
238 5010 306 5063 Noli
321 5012 450 5078 Artqinm
468 5014 617 5078 episcopum
634 5011 847 5077 Impduncnscm
871 5012 907 5062 ad
925 5014 1002 5063 cutus
1018 5012 1173 5063 decessorem
1197 5026 1223 5063 a.
1243 5012 1304 5077 602,

130 5103 164 5143 40
182 5099 219 5137 m.
237 5081 313 5147 Noa,
338 5082 487 5149 Greportus
506 5098 583 5150 papa
608 5084 713 5135 litteras
736 5082 846 5135 dederat
862 5081 963 5147 (sape,
989 5080 1220 5147 Req.n.1872²),
1246 5096 1304 5133 acm

187 5155 350 5221 Vapr'ncmsi
373 5154 553 5219 confundam
579 5155 614 5218 ct.
640 5153 740 5220 Hcrtd,
770 5154 908 5208 ‘Zes’tschr.
936 5154 988 5217 tar
1014 5153 1229 5219 Kircbmqescb!
1248 5152 1304 5218 III,

177 5242 209 5293 p.
225 5227 357 5291 14bsqq.,·
375 5225 420 5279 (Ν,
438 5224 533 5279 ΑνοῙι.1
549 5225 602 5291 IX,
617 5242 646 5292 p.
662 5226 721 5279 146.
787 5223 816 5293 2)
838 5225 942 5279 Contin.
962 5225 1090 5291 Prosperi
1106 5224 1206 5291 Ham,
1226 5225 1304 5279 Anat.

182 5298 268 5363 antiq.
285 5296 337 5362 IX,
351 5312 381 5362 p.
394 5298 464 5358 339,-
483 5296 596 5361 Panlns,
616 5296 688 5351 Htst.
706 5295 827 5361 Lanpob.
844 5295 895 5361 IV,
909 5297 952 5349 28.
1025 5297 1053 5363 3)
1073 5294 1153 5360 Jaqt
1168 5313 1195 5351 n.
1210 5298 1279 5351 1925
1286 5294 1304 5350 ².
