3184 6800
480 1020 604 1089 IONAS,
617 1020 713 1075 VITA
730 1019 921 1076 IOHANNIS
940 1021 1115 1079 ABBATIS.
1302 1028 1356 1081 325

214 1201 437 1285 deprompsit,
474 1203 607 1267 atteram
641 1209 752 1284 autem,
794 1223 889 1285 quam
925 1201 1001 1285 ‘post
1034 1226 1137 1269 annas
1170 1204 1300 1286 abiquot’
1334 1229 1356 1270 a

216 1293 371 1357 Bettoue
394 1291 537 1374 episcopo
560 1291 758 1373 Linponensi
781 1313 861 1357 saec.
885 1293 987 1357 VIII.
1005 1314 1052 1357 en.
1076 1293 1196 1372 factam
1218 1315 1283 1359 esse
1307 1295 1356 1375 af·

217 1379 390 1460 firmauit,
414 1380 484 1464 ipse
506 1380 622 1445 adiecit
644 1402 714 1445 cum
736 1381 903 1445 miraculis
926 1382 1099 1463 nonnullis,
1123 1404 1219 1464 eaque
1242 1390 1357 1466 postea

221 1469 425 1534 continuata
459 1474 533 1533 sunt
569 1490 666 1550 usaue
704 1471 749 1534 ad
783 1469 909 1534 tertiam
944 1471 1184 1536 translationem
1222 1478 1356 1553 tempore

224 1560 524 1638 Nortmannorum,
556 1557 674 1622 scilicet
700 1581 730 1622 a.
754 1564 828 1637 888,
859 1560 988 1637 factam.
1041 1559 1228 1640 Compilatio
1256 1560 1357 1643 ipitur

234 1647 266 1713 O
282 1646 396 1729 priori
418 1668 498 1711 saec.
519 1646 587 1710 IX.
605 1646 698 1727 parti
721 1646 923 1711 attribuenda
945 1647 1070 1712 uidetur
1092 1669 1166 1714 esse.

354 1753 525 1834 Utramque
548 1751 653 1817 Vitam
676 1755 721 1817 ad
741 1751 964 1818 recensendum
987 1761 1103 1818 tentum
1126 1755 1357 1837 principenium
1460 1803 1466 1810 -

228 1841 382 1922 adhibui,
406 1848 435 1906 et

345 1948 388 2025 B,
412 1968 507 2028 quam
530 1954 705 2013 coartatam
725 1948 875 2012 Sarius
898 1943 1009 2030 (1581)
1032 1950 1113 2030 VII,
1132 1971 1167 2030 p.
1187 1956 1260 2014 708.
1282 1956 1356 2030 709,

189 2057 207 2095 0
231 2044 264 2103 et
289 2058 329 2102 en
350 2037 422 2120 ipso
439 2036 646 2101 Barratis
665 2033 784 2120 (1613),
807 2059 839 2117 p.
858 2043 1048 2116 367-369,
1072 2038 1230 2120 intepram
1253 2039 1358 2103 dutem

232 2127 284 2190 M
287 2125 447 2190 abillon
470 2121 580 2208 (1668)
605 2127 694 2190 Sacc.
714 2126 744 2205 I,
762 2148 799 2207 p.
817 2131 1014 2206 633—636,
1039 2127 1146 2207 edidit,
1171 2133 1200 2190 et

351 2247 384 2329 O,
404 2270 499 2330 auam
519 2271 540 2312 0
562 2249 748 2330 Rooerio,
773 2249 941 2330 Reomaus,
966 2249 1108 2314 Parisiis
1127 2256 1220 2331 1637,
1238 2272 1274 2331 p.
1294 2258 1358 2315 1-

236 2345 291 2404 23.
311 2345 363 2403 70.
382 2345 433 2417 73,
458 2345 486 2403 et
503 2337 720 2419 Bottando,
746 2339 886 2402 Ianuar.
907 2338 958 2418 ΙΙ,
977 2361 1012 2419 p.
1031 2345 1216 2420 856-863,
1240 2339 1357 2403 editam

236 2449 309 2494 cum
333 2427 434 2492 codice
457 2427 657 2491 Mettensi
679 2433 804 2507 0195,
829 2447 909 2491 saec.
934 2426 994 2491 XI
1001 2428 1021 2508 ¹,
1047 2428 1172 2492 contuli.

189 2570 217 2610 15
346 2551 492 2631 Denique
530 2552 565 2615 V.
602 2550 790 2615 Treuerii
826 2549 917 2630 (ΑΛ.
950 2552 1010 2616 SS.
1043 2553 1118 2616 Ian.
1144 2553 1196 2633 ΙΙ,
1225 2575 1261 2634 p.
1287 2551 1356 2632 33),

237 2641 330 2706 cuius
359 2645 469 2704 auctor
491 2641 592 2704 Ionae
622 2639 738 2704 tibrum
772 2641 843 2703 dolo
876 2641 960 2704 mato
994 2640 1155 2723 eupitaoit,
1191 2662 1257 2705 uon
1288 2640 1357 2705 sine

237 2732 318 2795 bono
341 2729 448 2808 fructu
470 2728 518 2792 uti
542 2727 641 2793 tic-uit.

346 2835 473 2898 Horum
496 2834 710 2899 subsidiorum
733 2856 789 2918 ope
813 2834 855 2899 iis
878 2834 963 2916 iocis,
987 2835 1043 2916 aui
1066 2837 1164 2900 attero
1183 2835 1286 2901 codice
1309 2837 1357 2900 de·

237 2924 364 3005 ficiente
386 2923 446 2988 soti
474 2922 511 2987 in
540 2923 639 2987 attero
669 2924 824 3005 tepuntur,
861 2923 970 2989 *uerba
998 2945 1105 2989 errore
1128 2924 1358 3006 praetermissa
1376 2955 1409 2998 ι,
1461 2986 1468 2998 ,

189 3031 220 3073 sa
238 3036 304 3079 non
328 3013 421 3077 semei
438 3013 581 3093 supplere
600 3011 699 3093 potui,
723 3033 804 3093 auae
821 3012 951 3077 uncinis
967 3012 990 3095 [
1000 3011 1023 3094 J
1039 3013 1175 3096 inclusi,
1197 3036 1235 3079 00
1253 3021 1358 3078 antem

239 3124 321 3184 quae
350 3101 510 3181 scriptura
540 3101 655 3165 codicis
684 3101 747 3165 Al
780 3109 979 3167 evanescente
1009 3124 1048 3167 erc
1082 3103 1109 3168 O
1136 3109 1259 3167 tantum
1287 3102 1358 3167 erui

233 3196 394 3272 poterant,
425 3189 577 3270 inprimis
599 3189 637 3254 in
660 3190 867 3270 praefatione
890 3191 1107 3273 tatercuhoque,
1138 3191 1175 3256 in
1197 3213 1258 3272 quo
1281 3212 1358 3256 com-

234 3281 336 3362 plura
352 3278 490 3359 posteris
512 3277 707 3343 restituenda
725 3278 907 3345 etiamnunc
925 3287 1055 3361 restant,
1079 3281 1127 3344 ita
1145 3280 1280 3345 distinxi
1303 3279 1320 3321 s
1335 3278 1357 3343 ⁷.

355 3402 462 3468 Vitam
492 3403 653 3467 Iohannis
676 3402 914 3485 primipeniam,
946 3404 1127 3469 enaminato
1157 3405 1260 3472 codice
1282 3405 1314 3469 A
1331 3412 1357 3486 l,

194 3514 222 3555 25
241 3495 283 3558 F.
304 3493 454 3572 81010,
487 3490 571 3555 ‘Zur
593 3491 707 3555 Kritih
736 3494 792 3555 der
819 3493 854 3556 V.
876 3493 909 3557 S.
929 3493 1089 3557 Iohannis
1112 3494 1357 3574 Reornaensis'2,

242 3584 344 3647 Ionae
367 3580 460 3646 certis
483 3580 678 3662 arpumentis
701 3580 907 3660 adiudicaoit,
932 3587 1024 3661 atque
1047 3601 1111 3661 qua
1132 3582 1360 3647 necessitudine

241 3694 312 3737 crem
335 3669 524 3735 editionibus
547 3669 731 3734 recentioris
754 3669 825 3733 aeoi
854 3691 892 3734 00
922 3670 1095 3750 cohaereat,
1129 3671 1256 3734 omnino
1279 3677 1360 3735 recte

242 3759 403 3840 apposni·
442 3757 544 3823 codice
582 3764 686 3822 autem
723 3758 903 3839 imperfecto
941 3779 1032 3837 usus,
1072 3780 1170 3840 00000
1207 3765 1361 3839 quantum

242 3847 411 3913 historiam
434 3847 708 3927 perscrutantibus
737 3846 796 3911 itta
822 3846 975 3929 proficiat
1005 3846 1154 3912 diuinare
1176 3867 1275 3929 neque
1297 3848 1360 3911 edi·

201 3960 226 4001 0
242 3938 358 4002 tionem
381 3935 524 4001 criticam
548 3956 673 4017 parare
697 3942 832 4019 poterat.
880 3936 1042 4000 Incidenti
1064 3936 1145 4000 mihi
1167 3936 1202 4000 in
1227 3935 1361 4001 codicem

243 4027 308 4090 Aa
324 4032 489 4105 utrumque
507 4045 660 4105 reparare
675 4024 822 4089 successit
838 4026 999 4105 defectum,
1024 4025 1251 4106 editionemque
1266 4046 1361 4106 auam

237 4114 359 4197 paraui
384 4112 564 4193 principem
593 4119 694 4177 tentus
716 4113 749 4176 A
777 4114 857 4178 actis
889 4113 1029 4178 instituti
1058 4114 1227 4179 Austriaci
1257 4110 1362 4192 (Ma

243 4202 424 4284 theitunpen
447 4204 477 4265 d.
497 4201 646 4266 Instituts
668 4203 693 4281 f.
718 4202 971 4267 dsterreichische
999 4202 1361 4285 Geschichtsforschunp'

246 4292 348 4373 XIV,
367 4312 401 4373 p.
420 4289 616 4373 411—427)
641 4290 776 4355 inserui.
1028 4291 1072 4355 B.
1097 4292 1271 4356 Krusch.

200 4580 226 4621 ³5
246 4566 272 4630 1)
301 4564 390 4613 Vitam
410 4563 432 4614 C
454 4564 493 4613 ibi
518 4563 612 4627 hymni
637 4564 783 4629 massaeque
810 4564 842 4614 de
867 4563 986 4615 Iohanne
1012 4564 1147 4629 ipsimqnc
1173 4563 1364 4615 translationes

244 4634 450 4701 subsequuntur,
469 4650 545 4700 quae,
564 4634 632 4696 folio
645 4636 741 4699 exciso,
760 4635 871 4685 mutilae
882 4636 913 4685 in
924 4635 1023 4688 rubis.-
1043 4633 1244 4685 calamitatibus
1257 4633 1363 4686 christi·

235 4721 359 4757 unorum
378 4705 508 4758 desinam.
545 4706 574 4756 Ε
595 4704 726 4756 codicibus
745 4706 777 4758 B.
798 4705 964 4771 Opturimis
985 4711 1099 4771 propter
1116 4710 1267 4756 vetustatem
1282 4722 1364 4773 prae-

244 4784 316 4829 tcrea
340 4777 561 4827 commemorandi
583 4784 646 4827 sunt
663 4777 931 4827 Sinemureusis
948 4792 974 4830 u.
990 4780 1004 4829 1
1024 4776 1075 4840 (cf.
1089 4776 1133 4829 ίΝ.
1146 4775 1238 4830 Arch!
1251 4776 1363 4840 XVIII,

240 4865 270 4915 p.
285 4849 423 4914 615000),
442 4862 493 4912 qua
510 4848 639 4899 Roucrius
658 4864 724 4899 usus
742 4854 787 4912 cst,
814 4849 920 4912 ducque
935 4848 1062 4912 pemdlus
1079 4846 1279 4913 Vaticanus,
1299 4848 1363 4914 Rea.

195 4938 225 4977 40
245 4919 337 4972 chria.
357 4934 384 4971 0.
403 4920 465 4981 403,
489 4923 599 4983 uterque
622 4933 688 4972 suec.
707 4918 743 4971 X,
834 4917 864 4984 2)
882 4918 944 4970 (ΕΒ,
963 4919 1012 4969 der
1031 4918 1182 4984 phih-hist.
1202 4917 1293 4969 Classe
1318 4920 1367 4972 der

244 4991 354 5043 haiscrl.
375 4989 462 5042 Ahad.
481 4989 506 5042 d.
527 4988 700 5054 Wisscnsah.’,
717 4987 884 5040 Vindobonac
904 4990 982 5053 1885,
1002 4988 1073 5053 CIX,
1090 5007 1118 5057 p.
1131 4991 1295 5049 319-398.
