<?xml version="1.0" encoding="UTF-8"?>
<!DOCTYPE html PUBLIC "-//W3C//DTD XHTML 1.0 Transitional//EN"
    "http://www.w3.org/TR/xhtml1/DTD/xhtml1-transitional.dtd">
<html xmlns="http://www.w3.org/1999/xhtml" xml:lang="en" lang="en">
 <head>
  <title>
</title>
<meta http-equiv="Content-Type" content="text/html;charset=utf-8" />
  <meta name='ocr-system' content='tesseract 3.04.00' />
  <meta name='ocr-capabilities' content='ocr_page ocr_carea ocr_par ocr_line ocrx_word'/>
</head>
<body>
  <div class='ocr_page' id='page_1' title='image "./ionaevitaesanct00jonagoog_0022.png"; bbox 0 0 3184 6800; ppageno 0'>
   <div class='ocr_carea' id='block_1_1' title="bbox 332 1341 1238 1412">
    <p class='ocr_par' dir='ltr' id='par_1_1' title="bbox 332 1341 1238 1412">
     <span class='ocr_line' id='line_1_1' title="bbox 332 1341 1238 1412; baseline -0.002 -10"><span class='ocrx_word' id='word_1_1' title='bbox 332 1349 352 1402; x_wconf 86' lang='lat'>4</span> <span class='ocrx_word' id='word_1_2' title='bbox 547 1343 673 1412; x_wconf 85' lang='lat' dir='ltr'><strong><em>IONAS,</em></strong></span> <span class='ocrx_word' id='word_1_3' title='bbox 687 1342 806 1399; x_wconf 79' lang='lat' dir='ltr'>VITAE</span> <span class='ocrx_word' id='word_1_4' title='bbox 826 1341 1054 1398; x_wconf 81' lang='lat' dir='ltr'><strong>OOLUMBANI</strong></span> <span class='ocrx_word' id='word_1_5' title='bbox 1071 1341 1180 1397; x_wconf 80' lang='lat' dir='ltr'><strong>LIBRI</strong></span> <span class='ocrx_word' id='word_1_6' title='bbox 1198 1343 1238 1401; x_wconf 90' lang='lat' dir='ltr'><strong><em>II.</em></strong></span> 
     </span>
    </p>
   </div>
   <div class='ocr_carea' id='block_1_2' title="bbox 317 1525 1505 4894">
    <p class='ocr_par' dir='ltr' id='par_1_2' title="bbox 317 1525 1505 4894">
     <span class='ocr_line' id='line_1_2' title="bbox 334 1525 1465 1609; baseline -0.001 -15"><span class='ocrx_word' id='word_1_7' title='bbox 334 1529 428 1594; x_wconf 91' lang='lat' dir='ltr'><strong><em>lutem</em></strong></span> <span class='ocrx_word' id='word_1_8' title='bbox 456 1527 699 1609; x_wconf 72' lang='lat' dir='ltr'><strong><em>praedicabant,</em></strong></span> <span class='ocrx_word' id='word_1_9' title='bbox 736 1546 926 1607; x_wconf 90' lang='lat' dir='ltr'><strong><em>quocumque</em></strong></span> <span class='ocrx_word' id='word_1_10' title='bbox 953 1525 1190 1606; x_wconf 74' lang='lat' dir='ltr'><strong><em>perveniebant.</em></strong></span> <span class='ocrx_word' id='word_1_11' title='bbox 1242 1526 1428 1593; x_wconf 83' lang='lat' dir='ltr'><strong><em>Columbanr</em></strong></span> <span class='ocrx_word' id='word_1_12' title='bbox 1427 1551 1465 1593; x_wconf 85' lang='lat' dir='ltr'><strong><em>rs</em></strong></span> 
     </span>
     <span class='ocr_line' id='line_1_3' title="bbox 334 1614 1459 1716; baseline 0 -34"><span class='ocrx_word' id='word_1_13' title='bbox 334 1639 403 1683; x_wconf 92' lang='lat' dir='ltr'><strong><em>cnm</em></strong></span> <span class='ocrx_word' id='word_1_14' title='bbox 424 1625 531 1699; x_wconf 81' lang='lat' dir='ltr'><strong><em>pentes</em></strong></span> <span class='ocrx_word' id='word_1_15' title='bbox 561 1637 592 1681; x_wconf 91' lang='lat' dir='ltr'><strong><em>se</em></strong></span> <span class='ocrx_word' id='word_1_16' title='bbox 623 1614 826 1679; x_wconf 69' lang='lat' dir='ltr'><strong><em>visitaturam</em></strong></span> <span class='ocrx_word' id='word_1_17' title='bbox 849 1615 954 1695; x_wconf 87' lang='lat' dir='ltr'><strong><em>eisquc</em></strong></span> <span class='ocrx_word' id='word_1_18' title='bbox 976 1614 1172 1700; x_wconf 81' lang='lat' dir='ltr'><strong><em>evanpelium</em></strong></span> <span class='ocrx_word' id='word_1_19' title='bbox 1188 1615 1360 1716; x_wconf 83' lang='lat' dir='ltr'><strong><em>praedicat</em></strong></span> <span class='ocrx_word' id='word_1_20' title='bbox 1361 1638 1459 1682; x_wconf 83' lang='lat' dir='ltr'><strong><em>urum</em></strong></span> 
     </span>
     <span class='ocr_line' id='line_1_4' title="bbox 333 1703 1459 1800; baseline 0 -30"><span class='ocrx_word' id='word_1_21' title='bbox 333 1706 465 1770; x_wconf 89' lang='lat' dir='ltr'><strong><em>vovisset</em></strong></span> <span class='ocrx_word' id='word_1_22' title='bbox 475 1707 495 1787; x_wconf 87' lang='lat'><strong><em>¹,</em></strong></span> <span class='ocrx_word' id='word_1_23' title='bbox 527 1711 632 1769; x_wconf 90' lang='lat' dir='ltr'><strong><em>tamen</em></strong></span> <span class='ocrx_word' id='word_1_24' title='bbox 654 1703 786 1768; x_wconf 76' lang='lat' dir='ltr'><strong><em>salntem</em></strong></span> <span class='ocrx_word' id='word_1_25' title='bbox 810 1703 874 1768; x_wconf 91' lang='lat' dir='ltr'><strong><em>seri</em></strong></span> <span class='ocrx_word' id='word_1_26' title='bbox 896 1724 960 1767; x_wconf 92' lang='lat' dir='ltr'><strong><em>uon</em></strong></span> <span class='ocrx_word' id='word_1_27' title='bbox 981 1723 1074 1800; x_wconf 82' lang='lat' dir='ltr'><strong><em>posse</em></strong></span> <span class='ocrx_word' id='word_1_28' title='bbox 1096 1710 1145 1767; x_wconf 93' lang='lat' dir='ltr'><strong><em>mt</em></strong></span> <span class='ocrx_word' id='word_1_29' title='bbox 1133 1704 1250 1768; x_wconf 86' lang='lat' dir='ltr'><strong><em>tellevit</em></strong></span> <span class='ocrx_word' id='word_1_30' title='bbox 1237 1704 1339 1769; x_wconf 90' lang='lat' dir='ltr'><strong><em>tnisi</em></strong></span> <span class='ocrx_word' id='word_1_31' title='bbox 1361 1707 1459 1770; x_wconf 85' lang='lat' dir='ltr'><strong><em>certis</em></strong></span> 
     </span>
     <span class='ocr_line' id='line_1_5' title="bbox 335 1790 1459 1875; baseline 0 -16"><span class='ocrx_word' id='word_1_32' title='bbox 335 1793 492 1859; x_wconf 91' lang='lat' dir='ltr'><strong><em>collocatis</em></strong></span> <span class='ocrx_word' id='word_1_33' title='bbox 527 1793 640 1858; x_wconf 89' lang='lat' dir='ltr'><strong><em>domici</em></strong></span> <span class='ocrx_word' id='word_1_34' title='bbox 642 1791 705 1856; x_wconf 91' lang='lat' dir='ltr'><strong><em>l.iis</em></strong></span> <span class='ocrx_word' id='word_1_35' title='bbox 752 1791 965 1871; x_wconf 74' lang='lat' dir='ltr'><strong><em>Manifestum</em></strong></span> <span class='ocrx_word' id='word_1_36' title='bbox 999 1790 1083 1855; x_wconf 90' lang='lat' dir='ltr'><strong><em>enim</em></strong></span> <span class='ocrx_word' id='word_1_37' title='bbox 1117 1798 1186 1856; x_wconf 90' lang='lat' dir='ltr'><strong><em>erat</em></strong></span> <span class='ocrx_word' id='word_1_38' title='bbox 1213 1793 1427 1875; x_wconf 83' lang='lat' dir='ltr'><strong><em>pereqrinant</em></strong></span> <span class='ocrx_word' id='word_1_39' title='bbox 1429 1794 1459 1859; x_wconf 86' lang='lat' dir='ltr'><strong><em>is</em></strong></span> 
     </span>
     <span class='ocr_line' id='line_1_6' title="bbox 327 1879 1497 1979; baseline 0.003 -32"><span class='ocrx_word' id='word_1_40' title='bbox 327 1881 602 1965; x_wconf 86' lang='lat' dir='ltr'><strong><em>praedicationem</em></strong></span> <span class='ocrx_word' id='word_1_41' title='bbox 630 1881 771 1960; x_wconf 83' lang='lat' dir='ltr'><strong><em>effectam</em></strong></span> <span class='ocrx_word' id='word_1_42' title='bbox 800 1879 981 1979; x_wconf 83' lang='lat' dir='ltr'><strong><em>promereri</em></strong></span> <span class='ocrx_word' id='word_1_43' title='bbox 1009 1887 1187 1961; x_wconf 91' lang='lat' dir='ltr'><strong><em>parnmt</em></strong></span> <span class='ocrx_word' id='word_1_44' title='bbox 1159 1882 1311 1963; x_wconf 91' lang='lat' dir='ltr'><strong><em>stabilem,</em></strong></span> <span class='ocrx_word' id='word_1_45' title='bbox 1347 1903 1457 1965; x_wconf 92' lang='lat' dir='ltr'><strong><em>quam·</em></strong></span> <span class='ocrx_word' id='word_1_46' title='bbox 1477 1910 1497 1950; x_wconf 77' lang='lat' dir='ltr'><strong><em>s</em></strong></span> 
     </span>
     <span class='ocr_line' id='line_1_7' title="bbox 333 1934 1456 2053; baseline 0.001 -17"><span class='ocrx_word' id='word_1_47' title='bbox 333 1993 429 2052; x_wconf 89' lang='lat' dir='ltr'><strong><em>quam</em></strong></span> <span class='ocrx_word' id='word_1_48' title='bbox 444 1993 482 2037; x_wconf 92' lang='lat' dir='ltr'><strong><em>ea</em></strong></span> <span class='ocrx_word' id='word_1_49' title='bbox 497 1992 577 2053; x_wconf 89' lang='lat' dir='ltr'><strong><em>qnae</em></strong></span> <span class='ocrx_word' id='word_1_50' title='bbox 587 1969 797 2051; x_wconf 89' lang='lat' dir='ltr'><strong><em>praedicabat</em></strong></span> <span class='ocrx_word' id='word_1_51' title='bbox 807 1968 944 2053; x_wconf 86' lang='lat' dir='ltr'><strong><em>proprio</em></strong></span> <span class='ocrx_word' id='word_1_52' title='bbox 954 1990 1074 2050; x_wconf 90' lang='lat' dir='ltr'><strong><em>quoqne</em></strong></span> <span class='ocrx_word' id='word_1_53' title='bbox 1085 1970 1204 2051; x_wconf 84' lang='lat' dir='ltr'><strong><em>evempl</em></strong></span> <span class='ocrx_word' id='word_1_54' title='bbox 1204 1991 1222 2033; x_wconf 94' lang='lat' dir='ltr'><strong><em>o</em></strong></span> <span class='ocrx_word' id='word_1_55' title='bbox 1233 1934 1456 2050; x_wconf 77' lang='lat' dir='ltr'><strong><em>confirmabat.</em></strong></span> 
     </span>
     <span class='ocr_line' id='line_1_8' title="bbox 341 2057 1458 2141; baseline -0.001 -14"><span class='ocrx_word' id='word_1_56' title='bbox 341 2061 519 2127; x_wconf 87' lang='lat' dir='ltr'><strong><em>Urbest</em></strong></span> <span class='ocrx_word' id='word_1_57' title='bbox 463 2067 576 2141; x_wconf 90' lang='lat' dir='ltr'><strong><em>autem,</em></strong></span> <span class='ocrx_word' id='word_1_58' title='bbox 604 2079 684 2141; x_wconf 92' lang='lat' dir='ltr'><strong><em>qnae</em></strong></span> <span class='ocrx_word' id='word_1_59' title='bbox 707 2059 752 2122; x_wconf 92' lang='lat' dir='ltr'><strong><em>ad</em></strong></span> <span class='ocrx_word' id='word_1_60' title='bbox 773 2079 872 2123; x_wconf 91' lang='lat' dir='ltr'><strong><em>novas</em></strong></span> <span class='ocrx_word' id='word_1_61' title='bbox 894 2057 1084 2138; x_wconf 85' lang='lat' dir='ltr'><strong><em>disciplinas</em></strong></span> <span class='ocrx_word' id='word_1_62' title='bbox 1109 2062 1339 2141; x_wconf 81' lang='lat' dir='ltr'><strong><em>propapandas</em></strong></span> <span class='ocrx_word' id='word_1_63' title='bbox 1360 2061 1458 2126; x_wconf 88' lang='lat' dir='ltr'><strong><em>bodie</em></strong></span> 
     </span>
     <span class='ocr_line' id='line_1_9' title="bbox 333 2110 1459 2229; baseline 0 -15"><span class='ocrx_word' id='word_1_64' title='bbox 333 2149 462 2214; x_wconf 87' lang='lat' dir='ltr'><strong><em>visitari</em></strong></span> <span class='ocrx_word' id='word_1_65' title='bbox 484 2110 591 2229; x_wconf 81' lang='lat' dir='ltr'><strong><em>solenl,</em></strong></span> <span class='ocrx_word' id='word_1_66' title='bbox 622 2147 826 2246; x_wconf 85' lang='lat' dir='ltr'><strong><em>contemptori</em></strong></span> <span class='ocrx_word' id='word_1_67' title='bbox 855 2146 951 2211; x_wconf 86' lang='lat' dir='ltr'><strong><em>buius</em></strong></span> <span class='ocrx_word' id='word_1_68' title='bbox 973 2146 1085 2210; x_wconf 89' lang='lat' dir='ltr'><strong><em>mnndi</em></strong></span> <span class='ocrx_word' id='word_1_69' title='bbox 1107 2168 1206 2228; x_wconf 89' lang='lat' dir='ltr'><strong><em>neque</em></strong></span> <span class='ocrx_word' id='word_1_70' title='bbox 1229 2148 1459 2215; x_wconf 81' lang='lat' dir='ltr'><strong><em>conveniebant</em></strong></span> 
     </span>
     <span class='ocr_line' id='line_1_10' title="bbox 333 2235 1457 2320; baseline -0.001 -17"><span class='ocrx_word' id='word_1_71' title='bbox 333 2258 432 2320; x_wconf 89' lang='lat' dir='ltr'><strong><em>neque</em></strong></span> <span class='ocrx_word' id='word_1_72' title='bbox 449 2244 580 2319; x_wconf 85' lang='lat' dir='ltr'><strong><em>propter</em></strong></span> <span class='ocrx_word' id='word_1_73' title='bbox 601 2235 758 2318; x_wconf 87' lang='lat' dir='ltr'><strong><em>episcopos</em></strong></span> <span class='ocrx_word' id='word_1_74' title='bbox 782 2241 843 2317; x_wconf 87' lang='lat' dir='ltr'><strong><em>pat</em></strong></span> <span class='ocrx_word' id='word_1_75' title='bbox 831 2236 936 2300; x_wconf 87' lang='lat' dir='ltr'><strong><em>tteban</em></strong></span> <span class='ocrx_word' id='word_1_76' title='bbox 924 2240 996 2299; x_wconf 85' lang='lat' dir='ltr'><strong><em>ten</em></strong></span> <span class='ocrx_word' id='word_1_77' title='bbox 1018 2235 1133 2316; x_wconf 91' lang='lat' dir='ltr'><strong><em>causis,</em></strong></span> <span class='ocrx_word' id='word_1_78' title='bbox 1163 2238 1201 2300; x_wconf 88' lang='lat' dir='ltr'><strong><em>de</em></strong></span> <span class='ocrx_word' id='word_1_79' title='bbox 1223 2237 1336 2317; x_wconf 91' lang='lat' dir='ltr'><strong><em>quibus</em></strong></span> <span class='ocrx_word' id='word_1_80' title='bbox 1357 2237 1457 2317; x_wconf 92' lang='lat' dir='ltr'><strong><em>infra</em></strong></span> 
     </span>
     <span class='ocr_line' id='line_1_11' title="bbox 334 2323 1505 2406; baseline 0.003 -15"><span class='ocrx_word' id='word_1_81' title='bbox 334 2326 552 2391; x_wconf 91' lang='lat' dir='ltr'><strong><em>disserendum</em></strong></span> <span class='ocrx_word' id='word_1_82' title='bbox 574 2332 627 2406; x_wconf 93' lang='lat' dir='ltr'><strong><em>est,</em></strong></span> <span class='ocrx_word' id='word_1_83' title='bbox 651 2327 707 2389; x_wconf 88' lang='lat' dir='ltr'><strong><em>sed</em></strong></span> <span class='ocrx_word' id='word_1_84' title='bbox 724 2323 838 2388; x_wconf 82' lang='lat' dir='ltr'><strong><em>deserti</em></strong></span> <span class='ocrx_word' id='word_1_85' title='bbox 856 2323 989 2405; x_wconf 88' lang='lat' dir='ltr'><strong><em>quiesci</em></strong></span> <span class='ocrx_word' id='word_1_86' title='bbox 1004 2323 1059 2405; x_wconf 88' lang='lat' dir='ltr'><strong><em>qui</em></strong></span> <span class='ocrx_word' id='word_1_87' title='bbox 1074 2325 1197 2389; x_wconf 88' lang='lat' dir='ltr'><strong><em>saeculo</em></strong></span> <span class='ocrx_word' id='word_1_88' title='bbox 1212 2325 1459 2392; x_wconf 80' lang='lat' dir='ltr'><strong><em>renuntiaverat</em></strong></span> <span class='ocrx_word' id='word_1_89' title='bbox 1477 2354 1505 2394; x_wconf 75' lang='lat' dir='ltr'><strong><em>io</em></strong></span> 
     </span>
     <span class='ocr_line' id='line_1_12' title="bbox 333 2413 1455 2498; baseline 0 -18"><span class='ocrx_word' id='word_1_90' title='bbox 333 2415 442 2498; x_wconf 91' lang='lat' dir='ltr'><strong><em>aptius</em></strong></span> <span class='ocrx_word' id='word_1_91' title='bbox 465 2414 609 2496; x_wconf 85' lang='lat' dir='ltr'><strong><em>eliqcnda</em></strong></span> <span class='ocrx_word' id='word_1_92' title='bbox 632 2419 710 2493; x_wconf 89' lang='lat' dir='ltr'><strong><em>erat,</em></strong></span> <span class='ocrx_word' id='word_1_93' title='bbox 733 2419 769 2476; x_wconf 93' lang='lat' dir='ltr'><strong><em>ut</em></strong></span> <span class='ocrx_word' id='word_1_94' title='bbox 783 2413 920 2494; x_wconf 80' lang='lat' dir='ltr'><strong><em>evemplo</em></strong></span> <span class='ocrx_word' id='word_1_95' title='bbox 935 2418 964 2476; x_wconf 89' lang='lat' dir='ltr'><strong><em>el</em></strong></span> <span class='ocrx_word' id='word_1_96' title='bbox 979 2433 1071 2495; x_wconf 87' lang='lat' dir='ltr'><strong><em>opere</em></strong></span> <span class='ocrx_word' id='word_1_97' title='bbox 1085 2419 1251 2478; x_wconf 78' lang='lat' dir='ltr'><strong><em>sectatores</em></strong></span> <span class='ocrx_word' id='word_1_98' title='bbox 1265 2414 1455 2497; x_wconf 82' lang='lat' dir='ltr'><strong><em>acquireret,</em></strong></span> 
     </span>
     <span class='ocr_line' id='line_1_13' title="bbox 333 2501 1457 2584; baseline 0.001 -16"><span class='ocrx_word' id='word_1_99' title='bbox 333 2524 390 2568; x_wconf 91' lang='lat' dir='ltr'><strong><em>nec</em></strong></span> <span class='ocrx_word' id='word_1_100' title='bbox 404 2502 508 2584; x_wconf 93' lang='lat' dir='ltr'><strong><em>ipsum</em></strong></span> <span class='ocrx_word' id='word_1_101' title='bbox 523 2523 590 2567; x_wconf 89' lang='lat' dir='ltr'><strong><em>rem</em></strong></span> <span class='ocrx_word' id='word_1_102' title='bbox 600 2501 752 2581; x_wconf 79' lang='lat' dir='ltr'><strong><em>fefellisse</em></strong></span> <span class='ocrx_word' id='word_1_103' title='bbox 767 2522 807 2565; x_wconf 84' lang='lat' dir='ltr'><strong><em>en</em></strong></span> <span class='ocrx_word' id='word_1_104' title='bbox 821 2501 931 2580; x_wconf 85' lang='lat' dir='ltr'><strong><em>effectu</em></strong></span> <span class='ocrx_word' id='word_1_105' title='bbox 942 2501 1047 2582; x_wconf 82' lang='lat' dir='ltr'><strong><em>colliqi</em></strong></span> <span class='ocrx_word' id='word_1_106' title='bbox 1056 2508 1168 2582; x_wconf 92' lang='lat' dir='ltr'><strong><em>potest.</em></strong></span> <span class='ocrx_word' id='word_1_107' title='bbox 1195 2502 1305 2584; x_wconf 80' lang='lat' dir='ltr'><strong><em>Iqitur</em></strong></span> <span class='ocrx_word' id='word_1_108' title='bbox 1318 2503 1356 2567; x_wconf 93' lang='lat' dir='ltr'><strong><em>in</em></strong></span> <span class='ocrx_word' id='word_1_109' title='bbox 1366 2503 1457 2569; x_wconf 90' lang='lat' dir='ltr'><strong><em>Bur·</em></strong></span> 
     </span>
     <span class='ocr_line' id='line_1_14' title="bbox 331 2589 1457 2675; baseline 0.001 -19"><span class='ocrx_word' id='word_1_110' title='bbox 331 2593 487 2675; x_wconf 84' lang='lat' dir='ltr'><strong><em>qundiam</em></strong></span> <span class='ocrx_word' id='word_1_111' title='bbox 503 2591 666 2672; x_wconf 85' lang='lat' dir='ltr'><strong><em>profectus</em></strong></span> <span class='ocrx_word' id='word_1_112' title='bbox 682 2589 975 2673; x_wconf 82' lang='lat' dir='ltr'><strong><em>pereqrinationem</em></strong></span> <span class='ocrx_word' id='word_1_113' title='bbox 997 2611 1088 2654; x_wconf 82' lang='lat' dir='ltr'><strong><em>snum</em></strong></span> <span class='ocrx_word' id='word_1_114' title='bbox 1110 2590 1283 2672; x_wconf 85' lang='lat' dir='ltr'><strong><em>interrupit</em></strong></span> <span class='ocrx_word' id='word_1_115' title='bbox 1304 2598 1399 2673; x_wconf 88' lang='lat' dir='ltr'><strong><em>atque</em></strong></span> <span class='ocrx_word' id='word_1_116' title='bbox 1417 2594 1457 2658; x_wconf 92' lang='lat' dir='ltr'><strong><em>in</em></strong></span> 
     </span>
     <span class='ocr_line' id='line_1_15' title="bbox 333 2678 1454 2763; baseline 0.001 -18"><span class='ocrx_word' id='word_1_117' title='bbox 333 2701 434 2745; x_wconf 88' lang='lat' dir='ltr'><strong><em>eremo</em></strong></span> <span class='ocrx_word' id='word_1_118' title='bbox 457 2680 575 2762; x_wconf 82' lang='lat' dir='ltr'><strong><em>Vosaqi</em></strong></span> <span class='ocrx_word' id='word_1_119' title='bbox 597 2679 713 2743; x_wconf 90' lang='lat' dir='ltr'><strong><em>montis</em></strong></span> <span class='ocrx_word' id='word_1_120' title='bbox 736 2699 823 2744; x_wconf 92' lang='lat' dir='ltr'><strong><em>anno</em></strong></span> <span class='ocrx_word' id='word_1_121' title='bbox 847 2685 922 2743; x_wconf 84' lang='grc'><strong><em>591.</em></strong></span> <span class='ocrx_word' id='word_1_122' title='bbox 947 2678 1058 2742; x_wconf 92' lang='lat' dir='ltr'><strong><em>cellula</em></strong></span> <span class='ocrx_word' id='word_1_123' title='bbox 1081 2683 1279 2744; x_wconf 82' lang='lat' dir='ltr'><strong><em>constructa²</em></strong></span> <span class='ocrx_word' id='word_1_124' title='bbox 1302 2681 1454 2763; x_wconf 81' lang='lat' dir='ltr'><strong><em>consedit,</em></strong></span> 
     </span>
     <span class='ocr_line' id='line_1_16' title="bbox 332 2767 1505 2850; baseline 0.003 -16"><span class='ocrx_word' id='word_1_125' title='bbox 332 2769 451 2836; x_wconf 88' lang='lat' dir='ltr'><strong><em>scilicet</em></strong></span> <span class='ocrx_word' id='word_1_126' title='bbox 473 2769 509 2834; x_wconf 96' lang='lat' dir='ltr'><strong><em>in</em></strong></span> <span class='ocrx_word' id='word_1_127' title='bbox 525 2776 628 2834; x_wconf 92' lang='lat' dir='ltr'><strong><em>castro</em></strong></span> <span class='ocrx_word' id='word_1_128' title='bbox 646 2767 721 2832; x_wconf 94' lang='lat' dir='ltr'><strong><em>olim</em></strong></span> <span class='ocrx_word' id='word_1_129' title='bbox 740 2767 846 2832; x_wconf 88' lang='lat' dir='ltr'><strong><em>diruto</em></strong></span> <span class='ocrx_word' id='word_1_130' title='bbox 862 2767 914 2832; x_wconf 90' lang='lat' dir='ltr'><strong><em>cui</em></strong></span> <span class='ocrx_word' id='word_1_131' title='bbox 932 2789 1045 2831; x_wconf 92' lang='lat' dir='ltr'><strong><em>nomen</em></strong></span> <span class='ocrx_word' id='word_1_132' title='bbox 1060 2774 1130 2831; x_wconf 84' lang='lat' dir='ltr'><strong><em>erat</em></strong></span> <span class='ocrx_word' id='word_1_133' title='bbox 1144 2769 1351 2850; x_wconf 80' lang='lat' dir='ltr'><strong><em>Anaprates³</em></strong></span> <span class='ocrx_word' id='word_1_134' title='bbox 1364 2770 1459 2836; x_wconf 86' lang='lat' dir='ltr'><strong><em>baud</em></strong></span> <span class='ocrx_word' id='word_1_135' title='bbox 1475 2797 1505 2838; x_wconf 62' lang='grc' dir='ltr'><strong><em>ιιι</em></strong></span> 
     </span>
     <span class='ocr_line' id='line_1_17' title="bbox 326 2856 1457 2940; baseline 0 -17"><span class='ocrx_word' id='word_1_136' title='bbox 326 2859 442 2940; x_wconf 91' lang='lat' dir='ltr'><strong><em>procul</em></strong></span> <span class='ocrx_word' id='word_1_137' title='bbox 460 2881 480 2922; x_wconf 94' lang='lat' dir='ltr'><strong><em>a</em></strong></span> <span class='ocrx_word' id='word_1_138' title='bbox 496 2857 616 2938; x_wconf 68' lang='lat' dir='ltr'><strong><em>fluibus</em></strong></span> <span class='ocrx_word' id='word_1_139' title='bbox 632 2858 814 2936; x_wconf 84' lang='lat' dir='ltr'><strong><em>Suevorum,</em></strong></span> <span class='ocrx_word' id='word_1_140' title='bbox 838 2856 894 2939; x_wconf 91' lang='lat' dir='ltr'><strong><em>qui</em></strong></span> <span class='ocrx_word' id='word_1_141' title='bbox 911 2856 1139 2921; x_wconf 86' lang='lat' dir='ltr'><strong><em>latrocinantes</em></strong></span> <span class='ocrx_word' id='word_1_142' title='bbox 1157 2879 1254 2938; x_wconf 90' lang='lat' dir='ltr'><strong><em>vsqve</em></strong></span> <span class='ocrx_word' id='word_1_143' title='bbox 1275 2857 1312 2921; x_wconf 93' lang='lat' dir='ltr'><strong><em>in</em></strong></span> <span class='ocrx_word' id='word_1_144' title='bbox 1331 2879 1368 2922; x_wconf 89' lang='lat' dir='ltr'><strong><em>ea</em></strong></span> <span class='ocrx_word' id='word_1_145' title='bbox 1385 2859 1457 2924; x_wconf 92' lang='lat' dir='ltr'><strong><em>loca</em></strong></span> 
     </span>
     <span class='ocr_line' id='line_1_18' title="bbox 326 2944 1456 3029; baseline 0.003 -20"><span class='ocrx_word' id='word_1_146' title='bbox 326 2945 644 3029; x_wconf 76' lang='lat' dir='ltr'><strong><em>proprediebantnr4.</em></strong></span> <span class='ocrx_word' id='word_1_147' title='bbox 689 2945 785 3011; x_wconf 81' lang='lat' dir='ltr'><strong><em>Cibus</em></strong></span> <span class='ocrx_word' id='word_1_148' title='bbox 807 2944 845 3009; x_wconf 94' lang='lat' dir='ltr'><strong><em>in</em></strong></span> <span class='ocrx_word' id='word_1_149' title='bbox 864 2945 941 3010; x_wconf 88' lang='lat' dir='ltr'><strong><em>locis</em></strong></span> <span class='ocrx_word' id='word_1_150' title='bbox 963 2944 1086 3026; x_wconf 88' lang='lat' dir='ltr'><strong><em>asperis</em></strong></span> <span class='ocrx_word' id='word_1_151' title='bbox 1103 2967 1141 3010; x_wconf 87' lang='lat' dir='ltr'><strong><em>ac</em></strong></span> <span class='ocrx_word' id='word_1_152' title='bbox 1164 2945 1335 3026; x_wconf 89' lang='lat' dir='ltr'><strong><em>scopulosis</em></strong></span> <span class='ocrx_word' id='word_1_153' title='bbox 1357 2946 1456 3012; x_wconf 90' lang='lat' dir='ltr'><strong><em>initio</em></strong></span> 
     </span>
     <span class='ocr_line' id='line_1_19' title="bbox 332 3033 1457 3116; baseline 0.001 -17"><span class='ocrx_word' id='word_1_154' title='bbox 332 3035 413 3099; x_wconf 89' lang='lat' dir='ltr'><strong><em>satis</em></strong></span> <span class='ocrx_word' id='word_1_155' title='bbox 441 3035 545 3099; x_wconf 90' lang='lat' dir='ltr'><strong><em>tenuis</em></strong></span> <span class='ocrx_word' id='word_1_156' title='bbox 574 3041 651 3114; x_wconf 90' lang='lat' dir='ltr'><strong><em>erat,</em></strong></span> <span class='ocrx_word' id='word_1_157' title='bbox 682 3033 800 3098; x_wconf 91' lang='lat' dir='ltr'><strong><em>scilicet</em></strong></span> <span class='ocrx_word' id='word_1_158' title='bbox 828 3034 957 3098; x_wconf 89' lang='lat' dir='ltr'><strong><em>cortices</em></strong></span> <span class='ocrx_word' id='word_1_159' title='bbox 983 3035 1133 3098; x_wconf 86' lang='lat' dir='ltr'><strong><em>arborum</em></strong></span> <span class='ocrx_word' id='word_1_160' title='bbox 1155 3035 1329 3116; x_wconf 86' lang='lat' dir='ltr'><strong><em>berbaeque</em></strong></span> <span class='ocrx_word' id='word_1_161' title='bbox 1351 3036 1457 3101; x_wconf 90' lang='lat' dir='ltr'><strong><em>sallus</em></strong></span> 
     </span>
     <span class='ocr_line' id='line_1_20' title="bbox 333 3121 1457 3205; baseline 0.002 -17"><span class='ocrx_word' id='word_1_162' title='bbox 333 3129 362 3188; x_wconf 91' lang='lat' dir='ltr'><strong><em>et</em></strong></span> <span class='ocrx_word' id='word_1_163' title='bbox 384 3122 535 3205; x_wconf 86' lang='lat' dir='ltr'><strong><em>inprimis</em></strong></span> <span class='ocrx_word' id='word_1_164' title='bbox 562 3122 705 3203; x_wconf 91' lang='lat' dir='ltr'><strong><em>parvulo</em></strong></span> <span class='ocrx_word' id='word_1_165' title='bbox 733 3121 793 3186; x_wconf 90' lang='lat' dir='ltr'><strong><em>illa</em></strong></span> <span class='ocrx_word' id='word_1_166' title='bbox 816 3142 923 3203; x_wconf 85' lang='lat' dir='ltr'><strong><em>puna,</em></strong></span> <span class='ocrx_word' id='word_1_167' title='bbox 958 3143 1039 3203; x_wconf 90' lang='lat' dir='ltr'><strong><em>quae</em></strong></span> <span class='ocrx_word' id='word_1_168' title='bbox 1064 3122 1196 3200; x_wconf 89' lang='lat' dir='ltr'><strong><em>frutices</em></strong></span> <span class='ocrx_word' id='word_1_169' title='bbox 1218 3123 1350 3204; x_wconf 81' lang='lat' dir='ltr'><strong><em>verbique</em></strong></span> <span class='ocrx_word' id='word_1_170' title='bbox 1372 3125 1457 3203; x_wconf 89' lang='lat' dir='ltr'><strong><em>fere-</em></strong></span> 
     </span>
     <span class='ocr_line' id='line_1_21' title="bbox 334 3210 1505 3293; baseline 0.005 -17"><span class='ocrx_word' id='word_1_171' title='bbox 334 3211 409 3276; x_wconf 91' lang='lat' dir='ltr'><strong><em>bant</em></strong></span> <span class='ocrx_word' id='word_1_172' title='bbox 424 3232 563 3292; x_wconf 90' lang='lat' dir='ltr'><strong><em>quaeque</em></strong></span> <span class='ocrx_word' id='word_1_173' title='bbox 579 3211 723 3293; x_wconf 82' lang='lat' dir='ltr'><strong><em>bulluqas</em></strong></span> <span class='ocrx_word' id='word_1_174' title='bbox 738 3210 830 3292; x_wconf 82' lang='lat' dir='ltr'><strong><em>vulqo</em></strong></span> <span class='ocrx_word' id='word_1_175' title='bbox 845 3211 1048 3291; x_wconf 90' lang='lat' dir='ltr'><strong><em>appellabunt</em></strong></span> <span class='ocrx_word' id='word_1_176' title='bbox 1057 3212 1088 3292; x_wconf 72' lang='lat'><strong><em>⁵,</em></strong></span> <span class='ocrx_word' id='word_1_177' title='bbox 1109 3214 1166 3275; x_wconf 88' lang='lat' dir='ltr'><strong><em>sed</em></strong></span> <span class='ocrx_word' id='word_1_178' title='bbox 1182 3211 1294 3292; x_wconf 90' lang='lat' dir='ltr'><strong><em>inopia</em></strong></span> <span class='ocrx_word' id='word_1_179' title='bbox 1308 3212 1457 3278; x_wconf 88' lang='lat' dir='ltr'><strong><em>marcima</em></strong></span> <span class='ocrx_word' id='word_1_180' title='bbox 1475 3241 1505 3282; x_wconf 83' lang='lat' dir='ltr'><strong><em>so</em></strong></span> 
     </span>
     <span class='ocr_line' id='line_1_22' title="bbox 332 3298 1456 3381; baseline 0.003 -17"><span class='ocrx_word' id='word_1_181' title='bbox 332 3300 480 3381; x_wconf 89' lang='lat' dir='ltr'><strong><em>instante,</em></strong></span> <span class='ocrx_word' id='word_1_182' title='bbox 504 3299 574 3381; x_wconf 88' lang='lat' dir='ltr'><strong><em>piis</em></strong></span> <span class='ocrx_word' id='word_1_183' title='bbox 597 3298 894 3381; x_wconf 82' lang='lat' dir='ltr'><strong><em>pereqrinaloribus</em></strong></span> <span class='ocrx_word' id='word_1_184' title='bbox 923 3299 1023 3364; x_wconf 88' lang='lat' dir='ltr'><strong><em>vicini</em></strong></span> <span class='ocrx_word' id='word_1_185' title='bbox 1045 3301 1154 3379; x_wconf 74' lang='lat' dir='ltr'><strong><em>fideles</em></strong></span> <span class='ocrx_word' id='word_1_186' title='bbox 1176 3300 1329 3365; x_wconf 89' lang='lat' dir='ltr'><strong><em>alimenta</em></strong></span> <span class='ocrx_word' id='word_1_187' title='bbox 1351 3323 1456 3367; x_wconf 91' lang='lat' dir='ltr'><strong><em>neces·</em></strong></span> 
     </span>
     <span class='ocr_line' id='line_1_23' title="bbox 332 3387 1457 3472; baseline 0.002 -18"><span class='ocrx_word' id='word_1_188' title='bbox 332 3389 425 3454; x_wconf 91' lang='lat' dir='ltr'><strong><em>saria</em></strong></span> <span class='ocrx_word' id='word_1_189' title='bbox 454 3387 542 3472; x_wconf 91' lang='lat' dir='ltr'><strong><em>equis</em></strong></span> <span class='ocrx_word' id='word_1_190' title='bbox 571 3387 751 3455; x_wconf 79' lang='lat' dir='ltr'><strong><em>vehentibus</em></strong></span> <span class='ocrx_word' id='word_1_191' title='bbox 779 3387 965 3469; x_wconf 83' lang='lat' dir='ltr'><strong><em>afferebant,</em></strong></span> <span class='ocrx_word' id='word_1_192' title='bbox 1000 3388 1083 3454; x_wconf 91' lang='lat' dir='ltr'><strong><em>velut</em></strong></span> <span class='ocrx_word' id='word_1_193' title='bbox 1109 3387 1328 3455; x_wconf 81' lang='lat' dir='ltr'><strong><em>Carantocus⁶</em></strong></span> <span class='ocrx_word' id='word_1_194' title='bbox 1353 3391 1457 3457; x_wconf 90' lang='lat' dir='ltr'><strong><em>abbas</em></strong></span> 
     </span>
     <span class='ocr_line' id='line_1_24' title="bbox 332 3476 1457 3560; baseline 0.003 -18"><span class='ocrx_word' id='word_1_195' title='bbox 332 3477 519 3543; x_wconf 89' lang='lat' dir='ltr'><strong><em>monasterii</em></strong></span> <span class='ocrx_word' id='word_1_196' title='bbox 543 3477 662 3543; x_wconf 81' lang='lat' dir='ltr'><strong><em>Salicis</em></strong></span> <span class='ocrx_word' id='word_1_197' title='bbox 684 3484 712 3542; x_wconf 91' lang='lat' dir='ltr'><strong><em>et</em></strong></span> <span class='ocrx_word' id='word_1_198' title='bbox 734 3477 800 3559; x_wconf 80' lang='lat' dir='ltr'><strong><em>ipse</em></strong></span> <span class='ocrx_word' id='word_1_199' title='bbox 823 3477 1014 3560; x_wconf 85' lang='lat' dir='ltr'><strong><em>alianiqena,</em></strong></span> <span class='ocrx_word' id='word_1_200' title='bbox 1041 3476 1160 3543; x_wconf 89' lang='lat' dir='ltr'><strong><em>scilicet</em></strong></span> <span class='ocrx_word' id='word_1_201' title='bbox 1181 3479 1320 3543; x_wconf 78' lang='lat' dir='ltr'><strong><em>Britto⁷.</em></strong></span> <span class='ocrx_word' id='word_1_202' title='bbox 1372 3479 1457 3545; x_wconf 81' lang='lat' dir='ltr'><strong><em>Oum</em></strong></span> 
     </span>
     <span class='ocr_line' id='line_1_25' title="bbox 332 3566 1458 3649; baseline 0.003 -18"><span class='ocrx_word' id='word_1_203' title='bbox 332 3588 438 3631; x_wconf 90' lang='lat' dir='ltr'><strong><em>omnes</em></strong></span> <span class='ocrx_word' id='word_1_204' title='bbox 453 3587 556 3649; x_wconf 90' lang='lat' dir='ltr'><strong><em>parco</em></strong></span> <span class='ocrx_word' id='word_1_205' title='bbox 579 3566 646 3631; x_wconf 91' lang='lat' dir='ltr'><strong><em>cibo</em></strong></span> <span class='ocrx_word' id='word_1_206' title='bbox 669 3572 724 3630; x_wconf 90' lang='lat' dir='ltr'><strong><em>aul</em></strong></span> <span class='ocrx_word' id='word_1_207' title='bbox 746 3567 833 3645; x_wconf 89' lang='lat' dir='ltr'><strong><em>fame</em></strong></span> <span class='ocrx_word' id='word_1_208' title='bbox 856 3587 984 3631; x_wconf 91' lang='lat' dir='ltr'><strong><em>carnem</em></strong></span> <span class='ocrx_word' id='word_1_209' title='bbox 1004 3568 1234 3648; x_wconf 91' lang='lat' dir='ltr'><strong><em>voluptatesque</em></strong></span> <span class='ocrx_word' id='word_1_210' title='bbox 1257 3574 1458 3634; x_wconf 89' lang='lat' dir='ltr'><strong><em>contererent</em></strong></span> 
     </span>
     <span class='ocr_line' id='line_1_26' title="bbox 331 3654 1503 3739; baseline 0.003 -19"><span class='ocrx_word' id='word_1_211' title='bbox 331 3654 460 3736; x_wconf 90' lang='lat' dir='ltr'><strong><em>Deoque</em></strong></span> <span class='ocrx_word' id='word_1_212' title='bbox 482 3655 675 3735; x_wconf 77' lang='lat' dir='ltr'><strong><em>mortificata</em></strong></span> <span class='ocrx_word' id='word_1_213' title='bbox 689 3657 830 3719; x_wconf 84' lang='lat' dir='ltr'><strong><em>munbra</em></strong></span> <span class='ocrx_word' id='word_1_214' title='bbox 845 3654 1004 3736; x_wconf 83' lang='lat' dir='ltr'><strong><em>offerrent,</em></strong></span> <span class='ocrx_word' id='word_1_215' title='bbox 1028 3662 1134 3720; x_wconf 90' lang='lat' dir='ltr'><strong><em>tomen</em></strong></span> <span class='ocrx_word' id='word_1_216' title='bbox 1153 3656 1366 3722; x_wconf 80' lang='lat' dir='ltr'><strong><em>Columbanus</em></strong></span> <span class='ocrx_word' id='word_1_217' title='bbox 1384 3656 1456 3739; x_wconf 90' lang='lat' dir='ltr'><strong><em>ipse</em></strong></span> <span class='ocrx_word' id='word_1_218' title='bbox 1473 3686 1503 3728; x_wconf 72' lang='lat' dir='ltr'><strong><em>ss</em></strong></span> 
     </span>
     <span class='ocr_line' id='line_1_27' title="bbox 331 3743 1456 3826; baseline 0.003 -19"><span class='ocrx_word' id='word_1_219' title='bbox 331 3744 435 3809; x_wconf 90' lang='lat' dir='ltr'><strong><em>adbuc</em></strong></span> <span class='ocrx_word' id='word_1_220' title='bbox 457 3743 643 3808; x_wconf 88' lang='lat' dir='ltr'><strong><em>severiorem</em></strong></span> <span class='ocrx_word' id='word_1_221' title='bbox 665 3743 749 3808; x_wconf 91' lang='lat' dir='ltr'><strong><em>vitae</em></strong></span> <span class='ocrx_word' id='word_1_222' title='bbox 772 3743 929 3808; x_wconf 90' lang='lat' dir='ltr'><strong><em>rationem</em></strong></span> <span class='ocrx_word' id='word_1_223' title='bbox 951 3744 1123 3826; x_wconf 82' lang='lat' dir='ltr'><strong><em>inpressas,</em></strong></span> <span class='ocrx_word' id='word_1_224' title='bbox 1152 3744 1260 3809; x_wconf 88' lang='lat' dir='ltr'><strong><em>diebus</em></strong></span> <span class='ocrx_word' id='word_1_225' title='bbox 1282 3743 1456 3811; x_wconf 80' lang='lat' dir='ltr'><strong><em>dominicis</em></strong></span> 
     </span>
     <span class='ocr_line' id='line_1_28' title="bbox 330 3831 1455 3914; baseline 0.004 -18"><span class='ocrx_word' id='word_1_226' title='bbox 330 3831 466 3913; x_wconf 89' lang='lat' dir='ltr'><strong><em>aliisque</em></strong></span> <span class='ocrx_word' id='word_1_227' title='bbox 488 3832 579 3912; x_wconf 90' lang='lat' dir='ltr'><strong><em>festis</em></strong></span> <span class='ocrx_word' id='word_1_228' title='bbox 597 3832 934 3914; x_wconf 71' lang='lat' dir='ltr'><strong><em>appropinquantibus,</em></strong></span> <span class='ocrx_word' id='word_1_229' title='bbox 959 3835 996 3897; x_wconf 94' lang='lat' dir='ltr'><strong><em>de</em></strong></span> <span class='ocrx_word' id='word_1_230' title='bbox 1014 3832 1119 3898; x_wconf 92' lang='lat' dir='ltr'><strong><em>media</em></strong></span> <span class='ocrx_word' id='word_1_231' title='bbox 1134 3834 1292 3898; x_wconf 91' lang='lat' dir='ltr'><strong><em>sodalium</em></strong></span> <span class='ocrx_word' id='word_1_232' title='bbox 1305 3832 1455 3901; x_wconf 90' lang='lat' dir='ltr'><strong><em>societate</em></strong></span> 
     </span>
     <span class='ocr_line' id='line_1_29' title="bbox 329 3920 1455 4005; baseline 0.003 -20"><span class='ocrx_word' id='word_1_233' title='bbox 329 3922 491 3986; x_wconf 91' lang='lat' dir='ltr'><strong><em>recedebat</em></strong></span> <span class='ocrx_word' id='word_1_234' title='bbox 519 3927 611 4002; x_wconf 88' lang='lat' dir='ltr'><strong><em>atqve</em></strong></span> <span class='ocrx_word' id='word_1_235' title='bbox 640 3920 677 3984; x_wconf 91' lang='lat' dir='ltr'><strong><em>in</em></strong></span> <span class='ocrx_word' id='word_1_236' title='bbox 703 3928 854 3986; x_wconf 90' lang='lat' dir='ltr'><strong><em>secretam</em></strong></span> <span class='ocrx_word' id='word_1_237' title='bbox 882 3920 979 3986; x_wconf 90' lang='lat' dir='ltr'><strong><em>eremi</em></strong></span> <span class='ocrx_word' id='word_1_238' title='bbox 1007 3943 1133 4005; x_wconf 86' lang='lat' dir='ltr'><strong><em>specum</em></strong></span> <span class='ocrx_word' id='word_1_239' title='bbox 1161 3944 1194 3986; x_wconf 89' lang='lat' dir='ltr'><strong><em>se</em></strong></span> <span class='ocrx_word' id='word_1_240' title='bbox 1216 3922 1389 4003; x_wconf 90' lang='lat' dir='ltr'><strong><em>recipiebat</em></strong></span> <span class='ocrx_word' id='word_1_241' title='bbox 1412 3925 1455 3989; x_wconf 89' lang='lat' dir='ltr'><strong><em>ab</em></strong></span> 
     </span>
     <span class='ocr_line' id='line_1_30' title="bbox 329 4009 1455 4092; baseline 0.004 -19"><span class='ocrx_word' id='word_1_242' title='bbox 329 4010 497 4092; x_wconf 84' lang='lat' dir='ltr'><strong><em>Anaqrate</em></strong></span> <span class='ocrx_word' id='word_1_243' title='bbox 519 4009 607 4075; x_wconf 90' lang='lat' dir='ltr'><strong><em>circa</em></strong></span> <span class='ocrx_word' id='word_1_244' title='bbox 629 4016 742 4091; x_wconf 90' lang='lat' dir='ltr'><strong><em>septem</em></strong></span> <span class='ocrx_word' id='word_1_245' title='bbox 764 4009 858 4073; x_wconf 90' lang='lat' dir='ltr'><strong><em>milia</em></strong></span> <span class='ocrx_word' id='word_1_246' title='bbox 880 4009 1058 4091; x_wconf 90' lang='lat' dir='ltr'><strong><em>distantem,</em></strong></span> <span class='ocrx_word' id='word_1_247' title='bbox 1082 4016 1118 4075; x_wconf 94' lang='lat' dir='ltr'><strong><em>ut</em></strong></span> <span class='ocrx_word' id='word_1_248' title='bbox 1133 4012 1248 4091; x_wconf 91' lang='lat' dir='ltr'><strong><em>absque</em></strong></span> <span class='ocrx_word' id='word_1_249' title='bbox 1263 4010 1350 4075; x_wconf 91' lang='lat' dir='ltr'><strong><em>curis</em></strong></span> <span class='ocrx_word' id='word_1_250' title='bbox 1364 4012 1455 4078; x_wconf 90' lang='lat' dir='ltr'><strong><em>solus</em></strong></span> 
     </span>
     <span class='ocr_line' id='line_1_31' title="bbox 328 4098 1502 4182; baseline 0.003 -20"><span class='ocrx_word' id='word_1_251' title='bbox 328 4098 449 4163; x_wconf 89' lang='lat' dir='ltr'><strong><em>ieiunio</em></strong></span> <span class='ocrx_word' id='word_1_252' title='bbox 483 4098 680 4180; x_wconf 90' lang='lat' dir='ltr'><strong><em>orationique</em></strong></span> <span class='ocrx_word' id='word_1_253' title='bbox 718 4105 847 4163; x_wconf 90' lang='lat' dir='ltr'><strong><em>vacaret</em></strong></span> <span class='ocrx_word' id='word_1_254' title='bbox 882 4098 1091 4182; x_wconf 83' lang='lat' dir='ltr'><strong><em>reliqionique</em></strong></span> <span class='ocrx_word' id='word_1_255' title='bbox 1128 4121 1160 4164; x_wconf 92' lang='lat' dir='ltr'><strong><em>se</em></strong></span> <span class='ocrx_word' id='word_1_256' title='bbox 1198 4101 1341 4181; x_wconf 71' lang='lat' dir='ltr'><strong><em>dederet,</em></strong></span> <span class='ocrx_word' id='word_1_257' title='bbox 1379 4122 1453 4166; x_wconf 91' lang='lat' dir='ltr'><strong><em>cum</em></strong></span> <span class='ocrx_word' id='word_1_258' title='bbox 1471 4131 1502 4173; x_wconf 74' lang='grc' dir='ltr'><strong><em>ω</em></strong></span> 
     </span>
     <span class='ocr_line' id='line_1_32' title="bbox 328 4187 1452 4269; baseline 0.002 -17"><span class='ocrx_word' id='word_1_259' title='bbox 328 4187 487 4268; x_wconf 86' lang='lat' dir='ltr'><strong><em>fratribus</em></strong></span> <span class='ocrx_word' id='word_1_260' title='bbox 509 4193 613 4252; x_wconf 92' lang='lat' dir='ltr'><strong><em>autem</em></strong></span> <span class='ocrx_word' id='word_1_261' title='bbox 636 4187 853 4252; x_wconf 92' lang='lat' dir='ltr'><strong><em>commercium</em></strong></span> <span class='ocrx_word' id='word_1_262' title='bbox 869 4208 933 4269; x_wconf 91' lang='lat' dir='ltr'><strong><em>per</em></strong></span> <span class='ocrx_word' id='word_1_263' title='bbox 954 4187 1137 4253; x_wconf 90' lang='lat' dir='ltr'><strong><em>ministrum</em></strong></span> <span class='ocrx_word' id='word_1_264' title='bbox 1152 4188 1208 4269; x_wconf 90' lang='lat' dir='ltr'><strong><em>qui</em></strong></span> <span class='ocrx_word' id='word_1_265' title='bbox 1229 4188 1335 4269; x_wconf 62' lang='lat' dir='ltr'><strong><em>imum</em></strong></span> <span class='ocrx_word' id='word_1_266' title='bbox 1358 4190 1452 4254; x_wconf 91' lang='lat' dir='ltr'><strong><em>comi·</em></strong></span> 
     </span>
     <span class='ocr_line' id='line_1_33' title="bbox 328 4276 1452 4344; baseline 0.003 -3.032"><span class='ocrx_word' id='word_1_267' title='bbox 328 4277 416 4341; x_wconf 70' lang='lat' dir='ltr'><strong><em>latita</em></strong></span> <span class='ocrx_word' id='word_1_268' title='bbox 403 4283 455 4340; x_wconf 91' lang='lat' dir='ltr'><strong><em>tur</em></strong></span> <span class='ocrx_word' id='word_1_269' title='bbox 470 4276 679 4341; x_wconf 79' lang='lat' dir='ltr'><strong><em>Domoalem⁸</em></strong></span> <span class='ocrx_word' id='word_1_270' title='bbox 701 4276 829 4341; x_wconf 89' lang='lat' dir='ltr'><strong><em>nomine</em></strong></span> <span class='ocrx_word' id='word_1_271' title='bbox 852 4279 1020 4342; x_wconf 78' lang='lat' dir='ltr'><strong><em>coercebat</em></strong></span> <span class='ocrx_word' id='word_1_272' title='bbox 1060 4278 1105 4341; x_wconf 91' lang='lat' dir='ltr'><strong><em>In</em></strong></span> <span class='ocrx_word' id='word_1_273' title='bbox 1123 4277 1186 4341; x_wconf 91' lang='lat' dir='ltr'><strong><em>salt</em></strong></span> <span class='ocrx_word' id='word_1_274' title='bbox 1185 4276 1255 4341; x_wconf 88' lang='lat' dir='ltr'><strong><em>ibus</em></strong></span> <span class='ocrx_word' id='word_1_275' title='bbox 1272 4276 1357 4341; x_wconf 87' lang='lat' dir='ltr'><strong><em>aviis</em></strong></span> <span class='ocrx_word' id='word_1_276' title='bbox 1377 4299 1452 4344; x_wconf 88' lang='lat' dir='ltr'><strong><em>cum</em></strong></span> 
     </span>
     <span class='ocr_line' id='line_1_34' title="bbox 327 4363 1452 4463; baseline 0.004 -36"><span class='ocrx_word' id='word_1_277' title='bbox 327 4363 409 4442; x_wconf 89' lang='lat' dir='ltr'><strong><em>feris</em></strong></span> <span class='ocrx_word' id='word_1_278' title='bbox 432 4386 523 4446; x_wconf 88' lang='lat' dir='ltr'><strong><em>saepe</em></strong></span> <span class='ocrx_word' id='word_1_279' title='bbox 547 4364 766 4463; x_wconf 79' lang='lat' dir='ltr'><strong><em>cqnqrediebat</em></strong></span> <span class='ocrx_word' id='word_1_280' title='bbox 765 4386 806 4428; x_wconf 95' lang='lat' dir='ltr'><strong><em>ur</em></strong></span> <span class='ocrx_word' id='word_1_281' title='bbox 828 4385 927 4446; x_wconf 90' lang='lat' dir='ltr'><strong><em>neque</em></strong></span> <span class='ocrx_word' id='word_1_282' title='bbox 944 4386 1017 4430; x_wconf 91' lang='lat' dir='ltr'><strong><em>vero</em></strong></span> <span class='ocrx_word' id='word_1_283' title='bbox 1035 4366 1083 4430; x_wconf 91' lang='lat' dir='ltr'><strong><em>vel</em></strong></span> <span class='ocrx_word' id='word_1_284' title='bbox 1102 4364 1286 4447; x_wconf 89' lang='lat' dir='ltr'><strong><em>rapaciores</em></strong></span> <span class='ocrx_word' id='word_1_285' title='bbox 1308 4365 1339 4430; x_wconf 90' lang='lat' dir='ltr'><strong><em>ei</em></strong></span> <span class='ocrx_word' id='word_1_286' title='bbox 1361 4387 1452 4433; x_wconf 75' lang='lat' dir='ltr'><strong><em>noce</em></strong></span> 
     </span>
     <span class='ocr_line' id='line_1_35' title="bbox 328 4451 1452 4553; baseline 0.004 -38"><span class='ocrx_word' id='word_1_287' title='bbox 328 4451 411 4533; x_wconf 92' lang='lat' dir='ltr'><strong><em>bant,</em></strong></span> <span class='ocrx_word' id='word_1_288' title='bbox 443 4454 499 4516; x_wconf 89' lang='lat' dir='ltr'><strong><em>sed</em></strong></span> <span class='ocrx_word' id='word_1_289' title='bbox 520 4452 575 4533; x_wconf 92' lang='lat' dir='ltr'><strong><em>qui</em></strong></span> <span class='ocrx_word' id='word_1_290' title='bbox 597 4473 699 4535; x_wconf 89' lang='lat' dir='ltr'><strong><em>prope</em></strong></span> <span class='ocrx_word' id='word_1_291' title='bbox 721 4474 830 4553; x_wconf 86' lang='lat' dir='ltr'><strong><em>specus</em></strong></span> <span class='ocrx_word' id='word_1_292' title='bbox 852 4474 933 4536; x_wconf 90' lang='lat' dir='ltr'><strong><em>quas</em></strong></span> <span class='ocrx_word' id='word_1_293' title='bbox 953 4455 1158 4536; x_wconf 87' lang='lat' dir='ltr'><strong><em>frequentare</em></strong></span> <span class='ocrx_word' id='word_1_294' title='bbox 1180 4455 1299 4520; x_wconf 90' lang='lat' dir='ltr'><strong><em>solebat</em></strong></span> <span class='ocrx_word' id='word_1_295' title='bbox 1286 4461 1452 4521; x_wconf 81' lang='lat' dir='ltr'><strong><em>tcmnmo</em></strong></span> 
     </span>
     <span class='ocr_line' id='line_1_36' title="bbox 326 4504 1501 4641; baseline 0.004 -37"><span class='ocrx_word' id='word_1_296' title='bbox 326 4504 444 4605; x_wconf 85' lang='lat' dir='ltr'><strong><em>rabdnt</em></strong></span> <span class='ocrx_word' id='word_1_297' title='bbox 432 4547 485 4604; x_wconf 85' lang='lat' dir='ltr'><strong><em>tur</em></strong></span> <span class='ocrx_word' id='word_1_298' title='bbox 506 4540 577 4605; x_wconf 89' lang='lat' dir='ltr'><strong><em>ursi</em></strong></span> <span class='ocrx_word' id='word_1_299' title='bbox 600 4541 758 4623; x_wconf 91' lang='lat' dir='ltr'><strong><em>lupique</em></strong></span> <span class='ocrx_word' id='word_1_300' title='bbox 740 4541 848 4641; x_wconf 84' lang='lat' dir='ltr'><strong><em>ipsius</em></strong></span> <span class='ocrx_word' id='word_1_301' title='bbox 863 4542 961 4608; x_wconf 87' lang='lat' dir='ltr'><strong><em>iussis</em></strong></span> <span class='ocrx_word' id='word_1_302' title='bbox 976 4564 1021 4625; x_wconf 96' lang='lat' dir='ltr'><strong><em>po</em></strong></span> <span class='ocrx_word' id='word_1_303' title='bbox 1023 4542 1087 4607; x_wconf 88' lang='lat' dir='ltr'><strong><em>tius</em></strong></span> <span class='ocrx_word' id='word_1_304' title='bbox 1104 4543 1328 4608; x_wconf 83' lang='lat' dir='ltr'><strong><em>oboediebant⁹</em></strong></span> <span class='ocrx_word' id='word_1_305' title='bbox 1333 4544 1450 4625; x_wconf 78' lang='lat' dir='ltr'><strong><em>,ami</em></strong></span> <span class='ocrx_word' id='word_1_306' title='bbox 1468 4574 1501 4617; x_wconf 72' lang='lat' dir='ltr'><strong><em>a,</em></strong></span> 
     </span>
     <span class='ocr_line' id='line_1_37' title="bbox 326 4596 1451 4712; baseline 0.006 -20"><span class='ocrx_word' id='word_1_307' title='bbox 326 4627 450 4693; x_wconf 89' lang='lat' dir='ltr'><strong><em>cissime</em></strong></span> <span class='ocrx_word' id='word_1_308' title='bbox 473 4629 557 4694; x_wconf 92' lang='lat' dir='ltr'><strong><em>enim</em></strong></span> <span class='ocrx_word' id='word_1_309' title='bbox 580 4651 649 4695; x_wconf 91' lang='lat' dir='ltr'><strong><em>eum</em></strong></span> <span class='ocrx_word' id='word_1_310' title='bbox 668 4630 775 4695; x_wconf 78' lang='lat' dir='ltr'><strong><em>best&#39;tns</em></strong></span> <span class='ocrx_word' id='word_1_311' title='bbox 789 4631 985 4697; x_wconf 88' lang='lat' dir='ltr'><strong><em>silvestribus</em></strong></span> <span class='ocrx_word' id='word_1_312' title='bbox 999 4631 1116 4697; x_wconf 80' lang='lat' dir='ltr'><strong><em>vicisse</em></strong></span> <span class='ocrx_word' id='word_1_313' title='bbox 1137 4631 1223 4696; x_wconf 90' lang='lat' dir='ltr'><strong><em>videt</em></strong></span> <span class='ocrx_word' id='word_1_314' title='bbox 1210 4638 1271 4712; x_wconf 93' lang='lat' dir='ltr'><strong><em>tu,r</em></strong></span> <span class='ocrx_word' id='word_1_315' title='bbox 1295 4596 1342 4696; x_wconf 88' lang='lat' dir='ltr'><strong><em>ad</em></strong></span> <span class='ocrx_word' id='word_1_316' title='bbox 1357 4632 1451 4699; x_wconf 90' lang='lat' dir='ltr'><strong><em>cuius</em></strong></span> 
     </span>
     <span class='ocr_line' id='line_1_38' title="bbox 325 4683 1450 4803; baseline 0.005 -22"><span class='ocrx_word' id='word_1_317' title='bbox 325 4716 494 4799; x_wconf 89' lang='lat' dir='ltr'><strong><em>imperinm</em></strong></span> <span class='ocrx_word' id='word_1_318' title='bbox 524 4719 615 4798; x_wconf 90' lang='lat' dir='ltr'><strong><em>ferae</em></strong></span> <span class='ocrx_word' id='word_1_319' title='bbox 638 4740 769 4801; x_wconf 87' lang='lat' dir='ltr'><strong><em>ovesque</em></strong></span> <span class='ocrx_word' id='word_1_320' title='bbox 792 4725 924 4785; x_wconf 91' lang='lat' dir='ltr'><strong><em>ttesante</em></strong></span> <span class='ocrx_word' id='word_1_321' title='bbox 951 4720 1161 4803; x_wconf 81' lang='lat' dir='ltr'><strong><em>Obaqnoaldo</em></strong></span> <span class='ocrx_word' id='word_1_322' title='bbox 1183 4683 1331 4786; x_wconf 86' lang='lat' dir='ltr'><strong><em>ministro</em></strong></span> <span class='ocrx_word' id='word_1_323' title='bbox 1354 4722 1450 4789; x_wconf 83' lang='lat' dir='ltr'><strong><em>disci·</em></strong></span> 
     </span>
     <span class='ocr_line' id='line_1_39' title="bbox 317 4806 1449 4894; baseline 0.006 -24"><span class='ocrx_word' id='word_1_324' title='bbox 317 4808 457 4888; x_wconf 89' lang='lat' dir='ltr'><strong><em>puloqne</em></strong></span> <span class='ocrx_word' id='word_1_325' title='bbox 490 4806 597 4873; x_wconf 91' lang='lat' dir='ltr'><strong><em>statim</em></strong></span> <span class='ocrx_word' id='word_1_326' title='bbox 629 4808 783 4889; x_wconf 87' lang='lat' dir='ltr'><strong><em>venerint,</em></strong></span> <span class='ocrx_word' id='word_1_327' title='bbox 818 4830 899 4889; x_wconf 90' lang='lat' dir='ltr'><strong><em>quas</em></strong></span> <span class='ocrx_word' id='word_1_328' title='bbox 931 4831 1031 4874; x_wconf 92' lang='lat' dir='ltr'><strong><em>manu</em></strong></span> <span class='ocrx_word' id='word_1_329' title='bbox 1060 4808 1228 4875; x_wconf 89' lang='lat' dir='ltr'><strong><em>blandiens</em></strong></span> <span class='ocrx_word' id='word_1_330' title='bbox 1250 4812 1449 4894; x_wconf 87' lang='lat' dir='ltr'><strong><em>attrectabat,</em></strong></span> 
     </span>
    </p>
   </div>
   <div class='ocr_carea' id='block_1_3' title="bbox 321 5034 1501 5384">
    <p class='ocr_par' dir='ltr' id='par_1_3' title="bbox 321 5034 1501 5367">
     <span class='ocr_line' id='line_1_40' title="bbox 324 5034 1450 5107; baseline 0.007 -20"><span class='ocrx_word' id='word_1_331' title='bbox 324 5035 351 5101; x_wconf 89' lang='lat'><strong><em>1)</em></strong></span> <span class='ocrx_word' id='word_1_332' title='bbox 373 5034 530 5086; x_wconf 81' lang='lat' dir='ltr'><strong><em>Columbam&#39;</em></strong></span> <span class='ocrx_word' id='word_1_333' title='bbox 548 5050 586 5103; x_wconf 90' lang='lat' dir='ltr'><strong><em>ep</em></strong></span> <span class='ocrx_word' id='word_1_334' title='bbox 605 5036 656 5100; x_wconf 87' lang='lat' dir='ltr'><strong><em>IV,</em></strong></span> <span class='ocrx_word' id='word_1_335' title='bbox 676 5035 933 5103; x_wconf 71' lang='lat' dir='ltr'><strong><em>Mb:vp.111,.p</em></strong></span> <span class='ocrx_word' id='word_1_336' title='bbox 948 5036 1008 5091; x_wconf 84' lang='lat'><strong>167.</strong></span> <span class='ocrx_word' id='word_1_337' title='bbox 1080 5036 1108 5107; x_wconf 83' lang='lat'><strong><em>2)</em></strong></span> <span class='ocrx_word' id='word_1_338' title='bbox 1129 5037 1173 5101; x_wconf 85' lang='lat' dir='ltr'><strong><em>Of.</em></strong></span> <span class='ocrx_word' id='word_1_339' title='bbox 1189 5037 1221 5093; x_wconf 85' lang='lat' dir='ltr'><strong><em>V.</em></strong></span> <span class='ocrx_word' id='word_1_340' title='bbox 1241 5037 1357 5095; x_wconf 64' lang='lat' dir='ltr'><strong><em>Colum</em></strong></span> <span class='ocrx_word' id='word_1_341' title='bbox 1375 5038 1402 5106; x_wconf 91' lang='lat' dir='ltr'><strong><em>I,</em></strong></span> <span class='ocrx_word' id='word_1_342' title='bbox 1414 5042 1450 5096; x_wconf 82' lang='lat'><strong><em>8:</em></strong></span> 
     </span>
     <span class='ocr_line' id='line_1_41' title="bbox 323 5104 1501 5190; baseline 0.009 -35"><span class='ocrx_word' id='word_1_343' title='bbox 323 5104 433 5157; x_wconf 79' lang='lat' dir='ltr'><strong><em>secessit</em></strong></span> <span class='ocrx_word' id='word_1_344' title='bbox 458 5122 474 5157; x_wconf 82' lang='lat' dir='ltr'>a</span> <span class='ocrx_word' id='word_1_345' title='bbox 499 5105 605 5160; x_wconf 78' lang='lat' dir='ltr'><strong><em>cellula.</em></strong></span> <span class='ocrx_word' id='word_1_346' title='bbox 678 5107 705 5176; x_wconf 87' lang='grc'><strong><em>3)</em></strong></span> <span class='ocrx_word' id='word_1_347' title='bbox 730 5105 772 5161; x_wconf 90' lang='lat' dir='ltr'><strong><em>Ib.</em></strong></span> <span class='ocrx_word' id='word_1_348' title='bbox 791 5108 816 5173; x_wconf 93' lang='lat' dir='ltr'><strong><em>I,</em></strong></span> <span class='ocrx_word' id='word_1_349' title='bbox 836 5108 861 5161; x_wconf 90' lang='lat'><strong><em>6.</em></strong></span> <span class='ocrx_word' id='word_1_350' title='bbox 938 5108 968 5190; x_wconf 89' lang='grc'><strong><em>4)</em></strong></span> <span class='ocrx_word' id='word_1_351' title='bbox 988 5106 1029 5162; x_wconf 84' lang='lat' dir='ltr'><strong><em>lb.</em></strong></span> <span class='ocrx_word' id='word_1_352' title='bbox 1048 5107 1072 5174; x_wconf 94' lang='lat' dir='ltr'><strong><em>I,</em></strong></span> <span class='ocrx_word' id='word_1_353' title='bbox 1091 5110 1117 5163; x_wconf 90' lang='grc'><strong><em>8.</em></strong></span> <span class='ocrx_word' id='word_1_354' title='bbox 1197 5111 1225 5175; x_wconf 88' lang='grc'><strong><em>5)</em></strong></span> <span class='ocrx_word' id='word_1_355' title='bbox 1245 5108 1287 5165; x_wconf 93' lang='lat' dir='ltr'><strong><em>Ib</em></strong></span> <span class='ocrx_word' id='word_1_356' title='bbox 1306 5110 1331 5176; x_wconf 90' lang='lat'><strong><em>1,</em></strong></span> <span class='ocrx_word' id='word_1_357' title='bbox 1349 5112 1389 5175; x_wconf 84' lang='lat'><strong><em>9,·</em></strong></span> <span class='ocrx_word' id='word_1_358' title='bbox 1413 5115 1450 5179; x_wconf 83' lang='lat' dir='ltr'><strong><em>cf.</em></strong></span> <span class='ocrx_word' id='word_1_359' title='bbox 1466 5130 1501 5174; x_wconf 68' lang='grc' dir='ltr'><strong>ω</strong></span> 
     </span>
     <span class='ocr_line' id='line_1_42' title="bbox 323 5147 1449 5254; baseline 0.009 -29"><span class='ocrx_word' id='word_1_360' title='bbox 323 5178 400 5230; x_wconf 80' lang='grc' dir='ltr'>ο..27</span> <span class='ocrx_word' id='word_1_361' title='bbox 473 5175 500 5246; x_wconf 84' lang='grc'><strong><em>6)</em></strong></span> <span class='ocrx_word' id='word_1_362' title='bbox 520 5177 559 5231; x_wconf 92' lang='lat' dir='ltr'><strong><em>Ib.</em></strong></span> <span class='ocrx_word' id='word_1_363' title='bbox 578 5178 640 5242; x_wconf 87' lang='lat' dir='ltr'><strong><em>I,7</em></strong></span> <span class='ocrx_word' id='word_1_364' title='bbox 711 5180 738 5245; x_wconf 89' lang='lat'><strong><em>7)</em></strong></span> <span class='ocrx_word' id='word_1_365' title='bbox 759 5178 874 5231; x_wconf 74' lang='lat' dir='ltr'><strong><em>Decius</em></strong></span> <span class='ocrx_word' id='word_1_366' title='bbox 890 5193 1036 5233; x_wconf 70' lang='lat' dir='ltr'><strong><em>mireo</em></strong></span> <span class='ocrx_word' id='word_1_367' title='bbox 1054 5180 1175 5231; x_wconf 72' lang='lat' dir='ltr'><strong><em>Zimvnr·</em></strong></span> <span class='ocrx_word' id='word_1_368' title='bbox 1192 5147 1449 5254; x_wconf 66' lang='lat' dir='ltr'><strong><em>opacandum,</em></strong></span> 
     </span>
     <span class='ocr_line' id='line_1_43' title="bbox 321 5214 1451 5384; baseline 0.01 -87"><span class='ocrx_word' id='word_1_369' title='bbox 321 5246 534 5384; x_wconf 71' lang='lat' dir='ltr'><strong><em>‘IKi&#39;rclrmpescb</em></strong></span> <span class='ocrx_word' id='word_1_370' title='bbox 553 5214 760 5301; x_wconf 78' lang='lat' dir='ltr'><strong><em>Deictschlands’</em></strong></span> <span class='ocrx_word' id='word_1_371' title='bbox 777 5250 802 5316; x_wconf 88' lang='lat' dir='ltr'><strong><em>I,</em></strong></span> <span class='ocrx_word' id='word_1_372' title='bbox 814 5248 894 5306; x_wconf 81' lang='lat'><strong>266³.</strong></span> <span class='ocrx_word' id='word_1_373' title='bbox 971 5251 1001 5318; x_wconf 89' lang='lat'><strong><em>8)</em></strong></span> <span class='ocrx_word' id='word_1_374' title='bbox 1021 5249 1053 5305; x_wconf 81' lang='lat' dir='ltr'><strong><em>V.</em></strong></span> <span class='ocrx_word' id='word_1_375' title='bbox 1072 5250 1188 5306; x_wconf 83' lang='lat' dir='ltr'><strong><em>Columb</em></strong></span> <span class='ocrx_word' id='word_1_376' title='bbox 1207 5251 1232 5316; x_wconf 90' lang='lat' dir='ltr'><strong><em>I,</em></strong></span> <span class='ocrx_word' id='word_1_377' title='bbox 1244 5253 1271 5308; x_wconf 86' lang='grc'><strong><em>9.</em></strong></span> <span class='ocrx_word' id='word_1_378' title='bbox 1349 5254 1379 5321; x_wconf 90' lang='grc'><strong><em>9)</em></strong></span> <span class='ocrx_word' id='word_1_379' title='bbox 1405 5224 1451 5313; x_wconf 88' lang='lat' dir='ltr'><strong><em>Ib.</em></strong></span> 
     </span>
    </p>
   </div>
   <div class='ocr_carea' id='block_1_4' title="bbox 0 0 1596 6800">
    <p class='ocr_par' dir='ltr' id='par_1_4' title="bbox 0 0 1596 6800">
     <span class='ocr_line' id='line_1_44' title="bbox 0 0 1596 6800; baseline 0 3"><span class='ocrx_word' id='word_1_380' title='bbox 0 0 1596 6800; x_wconf 95' lang='lat' dir='ltr'><strong><em> </em></strong></span> 
     </span>
    </p>
   </div>
  </div>
 </body>
</html>
