3184 6800
366 1315 491 1384 IONAS,
504 1315 626 1372 VITAE
643 1314 872 1372 OOLUMBANI
889 1315 996 1370 LIBRI
1014 1315 1053 1372 H.
1215 1320 1266 1373 121

86 1512 119 1589 ³]
176 1497 276 1562 nutum
290 1498 479 1581 eneruplaris
492 1498 584 1580 siqno
602 1497 737 1563 distinxi
751 1497 915 1563 breuitatis
937 1519 1043 1578 causa,
1066 1497 1113 1562 ita
1135 1505 1177 1579 nt,
1201 1497 1268 1563 nisi

104 1638 115 1646 .
178 1582 242 1660 loru
254 1587 447 1653 eontrarium
462 1587 578 1652 dictum
592 1593 644 1666 est,
670 1586 826 1652 codicibus
841 1587 874 1651 A
885 1595 919 1652 lc
934 1593 963 1651 et
974 1587 1034 1651 As
1050 1593 1079 1651 et
1089 1587 1149 1650 As
1166 1593 1195 1651 et
1205 1588 1265 1651 A4

86 1689 120 1733 fs
179 1671 251 1754 siqua
270 1676 459 1742 deterimum
477 1676 567 1741 Alc*
585 1683 615 1741 et
633 1676 717 1741 Am
735 1681 765 1740 et
781 1676 855 1740 As·
874 1682 904 1740 et
920 1676 1004 1740 A4a
1026 1681 1126 1740 mente
1148 1697 1267 1758 semper

179 1763 358 1847 odiunqenda
372 1764 447 1830 sint.
486 1764 706 1829 Nihilominus
720 1765 841 1844 factum
856 1770 909 1845 est,
928 1771 963 1829 ut
980 1770 1156 1846 apparatus
1173 1765 1267 1829 moles

102 1866 119 1891 *1
157 1849 288 1918 trinium
309 1853 487 1935 increverit,
514 1855 672 1934 multaque
694 1852 761 1918 iam
784 1858 981 1917 accesserunt
1001 1852 1142 1933 inutilia,
1172 1852 1268 1917 celnti

86 1954 114 1993 ἰ·
174 1936 274 2034 immae
288 1942 365 2008 illae
380 1945 425 2007 ud
436 1942 678 2024 qrammaticam
695 1947 862 2023 papulae,
886 1962 966 2022 quae
981 1940 1128 2006 barbaris
1142 1940 1267 2023 passim

104 2042 110 2083 ὲ
173 2031 303 2097 inlibris
326 2030 532 2097 deterioribus
561 2030 744 2096 substitutae
772 2036 856 2094 sunt.
902 2029 1014 2095 Etiam
1043 2050 1082 2093 ea
1110 2029 1267 2094 codicibus

86 2195 90 2203 Ι
171 2114 231 2183 A3.
253 2118 284 2183 3*
312 2120 493 2205 permultae
519 2121 634 2201 paleae
668 2119 811 2184 collectae
848 2125 937 2199 sunt,
976 2118 1089 2201 quibus
1122 2125 1266 2183 maturae

167 2201 261 2290 truces
277 2230 383 2290 paene
405 2215 620 2290 conteqnntnr.
667 2207 804 2289 Stirpem
834 2228 907 2272 cero
936 2207 1075 2272 codicum
1104 2206 1266 2289 qradatim

88 2314 93 2335 '
134 2289 390 2375 ”nannenten
412 2298 517 2363 adbuc
539 2296 664 2379 lonqius
687 2296 837 2379 persequi
866 2317 1056 2376 recusamus,
1088 2316 1157 2360 cum
1188 2295 1267 2360 satis

159 2397 304 2469 superque
327 2389 555 2451 demonstrasse
583 2384 663 2449 mibi
692 2384 779 2449 nisus
807 2384 869 2450 sim
894 2384 1096 2467 sinqnlarmm
1118 2383 1267 2449 classium

156 2479 302 2539 naturam
332 2474 467 2540 dirersis
494 2474 579 2539 inter
608 2495 640 2539 se
670 2472 793 2539 collatis
824 2473 1054 2554 exemplaribus
1083 2495 1105 2538 a
1128 2472 1267 2554 posteris

146 2563 339 2652 miniatem
373 2570 466 2646 atque
498 2562 722 2628 violentissimo
756 2562 886 2645 inqendo
919 2563 1039 2627 laesam
1072 2582 1137 2626 esse
1168 2582 1266 2642 neque

147 2655 308 2735 tnteqram
338 2654 383 2716 ad
410 2673 468 2716 nos
493 2651 676 2733 peruenisse
705 2650 772 2716 nisi
799 2672 860 2731 per
890 2649 1114 2715 vetustissimos
1146 2652 1267 2714 eosdem

107 2741 132 2781 ¹⁶
145 2740 281 2815 minos
318 2740 447 2822 codices,
485 2761 561 2822 quos
597 2740 730 2822 reliquis
760 2739 984 2823 praetulimus.
1037 2739 1082 2803 In
1117 2739 1266 2803 laterneto

143 2829 289 2909 capitum
311 2828 497 2914 hymnisque
519 2829 726 2910 recensendis,
755 2849 889 2909 quorum
910 2827 963 2891 ille
986 2827 1022 2891 in
1043 2826 1078 2890 Β
1092 2834 1141 2906 la,
1172 2826 1206 2890 bi
1228 2826 1266 2891 in

139 2906 179 2972 Β
187 2923 211 2980 2
228 2917 460 2999 desideramus,
477 2917 611 2983 codicem
625 2916 659 2981 Β
670 2920 707 2983 10
723 2916 856 2982 adhibui
870 2937 927 2981 nec
941 2916 1084 2996 frustra·
1099 2917 1156 2980 los
1170 2914 1266 2980 etiam

139 3017 222 3094 suns
243 3007 332 3086 Alf
349 3005 474 3072 contuli.
525 3007 592 3087 Quo
620 3006 752 3085 facilins
774 3026 855 3087 qnae
877 3005 962 3069 inter
983 3005 1125 3086 sinqulos
1147 3003 1266 3069 codices

136 3097 325 3160 mtercedat
342 3095 534 3160 necessitudo
552 3094 761 3177 intelleqatur,
781 3101 911 3159 stemma
927 3093 1086 3159 delineare
1104 3093 1177 3158 libet
1191 3092 1266 3158 boc:

93 3215 121 3256 ¹⁰
627 3224 793 3290 Archetppns

162 3339 655 3419 *3-
761 3337 1239 3417 ,.-.ἐ’.--,

405 3440 424 3473 0‘
631 3420 634 3524 l
797 3421 956 3517 ‚A
982 3440 1222 3517 Α...

291 3492 530 3518 „ff—

216 3526 727 3659 Qffiq‘ss‘is'd
805 3554 942 3608 uss
1096 3554 1111 3606 s

275 3651 543 3767 Qu*
687 3628 935 3760 Ns
1011 3624 1248 3715 moes

819 3780 880 3832 su.

93 3768 111 3808 ¹⁶
282 3779 498 3845 russanum·

257 3896 303 3960 In
317 3897 509 3962 recensenda
531 3896 568 3960 V.
590 3895 785 3975 Oolumbaui,
810 3895 903 3960 libris
917 3896 1001 3960 inter
1015 3917 1048 3960 se
1063 3895 1263 3976 comparatis,

166 3983 240 4048 ctio
268 4006 291 4049 a
320 3991 349 4049 et
376 4007 397 4067 p
425 3984 534 4067 primo
569 3986 718 4066 eruenda,
753 3985 951 4065 discrepante
984 3990 1088 4048 annm
1121 3989 1264 4064 utraque,

118 4068 310 4155 ffaeeuplur
336 4095 358 4155 p
386 4073 424 4139 in
452 4074 636 4138 uniuersum
666 4075 916 4156 anteponendum
944 4077 1022 4136 erat.
1067 4072 1158 4136 Haec
1187 4093 1265 4136 sane

117 4156 236 4225 ratio
253 4162 350 4227 etiam
368 4162 404 4227 in
421 4162 657 4245 quaestionibus
674 4161 894 4244 qrammaticis
916 4182 1007 4241 saepe
1029 4161 1129 4226 locum
1152 4160 1266 4224 babere

84 4243 279 4333 ”posnan
304 4272 374 4316 cum
388 4273 449 4316 usu
463 4251 564 4317 Ionae
581 4253 740 4316 observato
755 4252 871 4314 menda
885 4270 965 4331 quae
988 4252 1032 4314 ad
1052 4271 1073 4331 p
1096 4248 1265 4327 referenda

116 4334 243 4403 erant
262 4341 473 4422 qrammatica
489 4340 643 4421 pleraque
662 4340 806 4421 pennino
828 4360 893 4403 esse
910 4337 1126 4420 perspexerim
1134 4360 1145 4402 .·

200 4445 227 4526 I,
243 4454 273 4511 6.
293 4452 344 4509 14.
364 4453 414 4509 17.
431 4452 580 4511 castrum
597 4448 643 4511 oel
659 4447 903 4511 monasterium
919 4446 966 4509 ael
982 4466 1131 4522 munere,
1153 4441 1263 4528 quem}

361 4534 409 4599 ita
432 4535 499 4597 As
524 4541 553 4599 et
574 4537 642 4599 AA
678 4534 849 4616 separatim
883 4540 939 4598 aut
972 4533 1163 4598 coniunctim
1196 4555 1266 4598 cum

363 4623 396 4687 Β
411 4632 460 4688 la.
478 4629 518 4705 2,·
547 4626 638 4708 quod
662 4624 694 4687 A
709 4631 759 4687 la.
776 4620 820 4687 α’.
837 4624 878 4687 b⁸.
895 4644 920 4688 c.
937 4623 968 4686 d.
986 4630 1025 4703 2;
1052 4628 1086 4687 at
1108 4622 1266 4687 vocabulis

348 4718 524 4791 castrum,
549 4713 794 4777 monasterium
818 4710 913 4776 etiam
937 4710 1015 4775 alibi
1038 4711 1139 4791 I,10⁴
1162 4718 1213 4773 28.
1238 4718 1267 4775 et

367 4807 416 4864 10.
437 4808 489 4865 80.
513 4800 724 4866 masculinnm
745 4822 845 4882 penus
868 4799 1012 4865 attribuit
1033 4799 1117 4865 idem
1140 4806 1265 4878 allelon·

201 4906 229 4988 I,
245 4913 274 4970 7.
320 4910 422 4973 tanta
455 4902 555 4992 ignis]
585 4908 654 4971 As
687 4903 751 4988 (pr.
781 4908 851 4990 nu).
883 4905 916 4969 Β
935 4914 984 4970 la.
1014 4912 1049 4983 23
1089 4909 1207 4970 bantus
1241 4907 1263 4968 i.

364 4996 396 5060 A
411 5002 461 5059 la.
478 4994 521 5060 α’.
539 5018 564 5061 c.
581 4998 611 5061 d·
630 5003 659 5059 2.
677 5002 714 5072 4;

220 5100 259 5166 ib.
322 5097 526 5186 aequibibus]
551 5109 630 5167 recte
653 5103 685 5165 A
699 5109 728 5166 4.
752 5101 786 5165 Β
801 5109 850 5165 la.
876 5108 894 5164 2
926 5095 1039 5183 (eques
1057 5120 1119 5179 pro
1143 5120 1263 5182 equus;

98 5182 119 5219 ⁴⁰
365 5192 406 5271 cf.
426 5192 486 5257 ΕΒ.
506 5191 548 5255 Β.
568 5192 692 5256 Meroe.
714 5191 743 5271 I,
762 5185 853 5273 944);
886 5184 1025 5272 (a)equis
1048 5189 1145 5252 Ala.
1162 5189 1205 5252 a‘.
1223 5188 1264 5253 Β.

365 5282 560 5357 adm&
