3184 6800
310 1317 353 1382 3²
529 1323 655 1393 IONAS,
668 1322 791 1379 VITAE
810 1320 1041 1378 OOLUMBANI
1059 1319 1168 1375 LIBRI
1183 1319 1223 1377 H.

227 1513 247 1535 ³'
318 1507 495 1588 aiebantur,
526 1508 571 1571 ad
598 1507 734 1571 atteram
762 1526 835 1570 oero
858 1503 1052 1587 purpatione
1085 1502 1245 1567 uitiorum.
1291 1499 1444 1568 ‘satias

317 1602 409 1677 atque
432 1595 567 1660 ebrietas
595 1594 768 1676 sapienciae
795 1600 897 1674 erant,
932 1593 1078 1673 cibusque
1111 1591 1186 1655 uitis
1219 1611 1258 1656 eu
1291 1591 1441 1672 oleribus,

317 1683 535 1766 icpuminibus,
559 1682 676 1763 farina
699 1682 793 1765 aquis
814 1682 916 1747 mixta
934 1681 1121 1747 consistebat
1142 1702 1212 1746 cam
1228 1701 1333 1761 paruo
1349 1701 1442 1761 pane

311 1772 493 1854 pammatio
517 1768 644 1850 (Germ.
663 1770 877 1854 ‘Zwiebaob'),
901 1793 941 1835 ne
962 1776 1069 1834 center
1091 1775 1279 1833 oneraretur
1299 1774 1329 1832 et
1349 1789 1443 1833 mens

317 1861 536 1939 suffocaretur.
575 1860 626 1924 De
649 1881 745 1925 carne
767 1859 870 1942 ipitur
889 1859 1101 1924 Columbanus
1115 1879 1155 1922 ne
1170 1859 1297 1922 verbum
1312 1856 1473 1938 quidemr

317 1949 412 2031 fecit,
446 1971 514 2014 cum
543 1956 650 2014 autem
679 1954 795 2014 constet
819 1949 938 2014 Scottos
961 1946 1104 2028 piseatui
1126 1947 1295 2011 admodum
1319 1945 1442 2010 deditos

317 2037 427 2119 fuisse,
451 2059 516 2102 non
538 2037 608 2102 sine
630 2059 727 2103 causa
751 2038 930 2102 conclusum
953 2042 1006 2116 est,
1033 2034 1185 2099 maiorem
1207 2034 1309 2098 rictus
1331 2055 1442 2099 eornm

310 2132 439 2208 partem
462 2126 607 2207 piscibus
629 2125 804 2191 constitisse
813 2126 834 2188 ¹.
887 2123 1008 2190 Cotidie
1034 2123 1246 2188 manandum
1275 2129 1353 2204 crat,
1385 2124 1443 2187 sed

317 2216 498 2296 carendum,
529 2236 569 2279 ne
591 2214 785 2279 abstinentia
807 2216 933 2277 morium
962 2214 1112 2277 arcadem
1134 2211 1315 2293 pnotectnm
1343 2211 1441 2293 spiri·

317 2304 433 2368 tualem
455 2302 630 2384 impediret.
676 2302 770 2367 Inter
791 2302 881 2383 citio,
912 2303 950 2366 be
976 2301 1090 2383 onibus
1111 2306 1177 2366 octo
1200 2299 1442 2382 principatibus
1460 2322 1486 2363 a

322 2390 536 2457 Columbanus
565 2412 738 2456 sermonem
762 2391 959 2472 peculiarem
989 2389 1097 2471 ebibit,
1132 2409 1222 2470 quem
1252 2388 1344 2453 tertio
1374 2389 1441 2454 ioco

319 2478 418 2545 ‘Ordo
447 2479 551 2545 sancti
578 2479 765 2545 Columbani
794 2479 918 2545 abbatis
948 2481 985 2544 de
1014 2477 1081 2542 uita
1115 2484 1144 2543 et
1176 2476 1300 2543 actione
1331 2498 1441 2542 mona

317 2568 454 2634 eborum'
480 2568 617 2634 continet
625 2571 645 2649 ²,
670 2588 766 2650 quam
780 2567 919 2633 manime
934 2568 1194 2646 abborrebantnr,
1219 2565 1332 2647 quibm
1354 2567 1441 2631 bona

317 2657 425 2722 annia
448 2656 716 2738 interimerentur,
739 2656 869 2723 bonitas
891 2664 921 2721 et
939 2655 1090 2739 pioriatio
1113 2657 1207 2720 ebata.
1246 2655 1303 2718 Ao
1325 2653 1441 2720 discer-

316 2749 423 2811 nenda
453 2748 535 2811 bona
564 2753 594 2810 et
621 2746 710 2811 mata
740 2745 913 2811 discrimen
940 2744 1105 2809 monacbis
1132 2742 1347 2808 necessarium
1370 2749 1443 2808 erat
1462 2767 1486 2806 a

315 2841 346 2899 et
373 2835 525 2917 inprimis
554 2837 736 2914 cauendum,
769 2856 810 2899 ue
838 2837 932 2899 rebus
961 2840 1018 2898 ont
1046 2831 1192 2898 secundis
1222 2831 1359 2896 nimium
1391 2853 1442 2896 en-

315 2923 498 2988 totberentur
532 2930 589 2989 aut
622 2923 766 2988 aduersis
804 2923 939 2987 nimium
977 2921 1237 3003 deprimerentur.
1291 2920 1442 3002 Denique

317 3012 465 3092 spnaaim
476 3012 525 3076 oei
536 3033 662 3076 cursum
671 3013 871 3093 psalmorum
883 3010 1102 3076 storatianum
1113 3011 1239 3074 modum
1251 3009 1442 3074 canonicum

312 3099 382 3176 ritu
405 3100 566 3164 seniorum
588 3120 717 3165 suorum
746 3100 958 3165 Coburnbanus
980 3099 1028 3165 ita
1050 3098 1241 3180 instituerat,
1271 3104 1307 3162 ut
1330 3098 1442 3179 primo

317 3187 402 3252 inter
423 3187 701 3253 reverendissimos
724 3188 899 3254 dominicos
917 3189 1084 3254 sabbataoe
1099 3193 1191 3268 atone
1207 3185 1352 3267 officium
1368 3187 1442 3252 coti·
1461 3212 1488 3277 ²9

316 3275 451 3342 dianam
463 3276 678 3359 distinpueret,
691 3276 804 3342 danae
815 3277 910 3342 etiam
922 3283 1093 3358 temporum
1104 3275 1271 3357 qualitatis
1281 3275 1443 3341 rationem

316 3364 453 3431 baberet.
505 3364 648 3431 Cursus³
676 3365 761 3431 enim
790 3365 915 3449 ionpior
940 3386 1002 3447 per
1030 3367 1142 3449 bonpas
1171 3371 1282 3446 noctes,
1314 3364 1444 3430 breuior

310 3474 373 3536 per
396 3455 501 3519 breues
523 3475 587 3519 esse
610 3454 640 3519 ei
662 3455 750 3520 risus
772 3461 851 3520 erat.
895 3456 1001 3536 Quare
1019 3476 1058 3519 eu
1080 3454 1184 3519 VIII.
1201 3454 1265 3518 bai.
1282 3454 1348 3517 Iut.
1369 3475 1443 3518 cum

316 3543 418 3607 noctis
440 3549 606 3626 aupmento
628 3544 744 3608 sensim
776 3565 912 3609 crescere
940 3543 1047 3626 coepit,
1078 3542 1175 3623 finita
1204 3548 1308 3607 autem
1336 3542 1443 3608 bieme
1476 3607 1481 3613 .

316 3652 356 3696 en
378 3632 482 3696 VIII.
500 3633 564 3697 bai.
584 3632 666 3714 Apr.
684 3653 746 3714 per
768 3654 824 3697 cer
845 3633 964 3698 sensim
986 3634 1170 3697 decrescere.
1213 3630 1311 3714 Oripo
1327 3628 1488 3697 cursasss

318 3720 494 3785 Scottorum
517 3720 648 3803 proprii
670 3724 715 3786 ad
736 3723 859 3786 beatum
881 3723 1035 3787 Marcum
1056 3720 1192 3786 suanis
1207 3720 1444 3802 posterioribus

316 3809 419 3873 relata
448 3816 502 3888 est,
533 3810 615 3874 siam
636 3816 746 3875 auctor
767 3810 894 3892 ipnotus
923 3809 999 3875 iibri
1022 3811 1059 3873 obe
1082 3829 1230 3874 cursuum
1253 3807 1444 3874 eocbmasti·

317 3918 424 3962 corum
447 3897 572 3980 oripine
595 3904 727 3964 testatur
748 3898 801 3963 bis
822 3899 965 3963 oerbis4:

317 4090 344 4151 1)
366 4090 409 4153 Of.
427 4090 560 4157 Rettberp,
581 4090 795 4157 ‘Kircbenpescb
812 4088 1017 4143 &anabiensis
1029 4090 1070 4156 II,
1084 4092 1144 4148 680.
1198 4089 1227 4158 2)
1246 4088 1292 4139 Ito
1310 4096 1443 4155 quanm

315 4161 475 4213 Columbani
497 4177 629 4213 sermones
654 4164 792 4228 inscripsit
818 4163 903 4214 edbor
927 4163 1087 4213 novissimus
1111 4160 1219 4213 Seeboss
1244 4159 1400 4224 (‘Zeitsobr.
1419 4163 1440 4225 f.
1458 4176 1481 4214 so

316 4231 530 4298 Kirobenpascb!
556 4232 639 4300 XIV,
662 4249 692 4299 p.
712 4236 837 4299 78sqq.).
884 4233 1062 4285 Galeotrbnem
1088 4248 1240 4284 samonum
1266 4246 1335 4298 qnae
1362 4233 1441 4284 titum

317 4303 520 4355 ‘Instructiones
550 4303 714 4355 Columbani'
744 4303 983 4369 circumferebatur
1012 4305 1068 4371 ipsi
1098 4304 1167 4355 male
1196 4302 1357 4353 attributam
1387 4317 1440 4353 esse
1457 4305 1472 4341 ’ἑ

315 4379 448 4425 statuerat
477 4375 511 4427 A.
535 4373 633 4425 Hauob
662 4373 814 4439 (⁴Zeitsobr.
840 4377 861 4439 f.
886 4375 983 4428 birchi.
1008 4374 1163 4426 Wrssenseb.
1194 4373 1250 4425 und
1281 4373 1440 4425 bircbliobes

276 4506 278 4509 ,
315 4444 418 4510 Leben’,
438 4446 476 4498 ed.
495 4444 640 4512 bertharit,
660 4445 771 4511 Lipsiae
789 4448 867 4512 1885,
889 4462 920 4512 p.
933 4447 1021 4500 357-
1029 4447 1104 4512 364),
1130 4446 1192 4496 bene
1216 4446 1438 4510 animadvertens,

315 4517 365 4582 qni
382 4516 413 4566 in
430 4516 605 4566 instrrntione
619 4516 734 4567 secunao
746 4516 852 4582 (Μέρη
863 4516 983 4581 LXXX,
1003 4519 1049 4570 coi.
1063 4519 1129 4574 233)
1148 4516 1295 4567 abmatur
1306 4513 1439 4567 Faustum
1456 4532 1492 4574 ιι,

316 4600 371 4637 nan
388 4601 441 4637 esse
460 4586 624 4651 Campatium
644 4587 803 4639 Columboni
821 4594 1029 4655 praeceptorem,
1054 4588 1100 4639 sed
1117 4587 1253 4639 Reiensem
1277 4587 1357 4637 iilum
1378 4588 1438 4637 ceie-

316 4657 470 4711 bcrrimum.
507 4658 631 4709 Attamen
652 4674 705 4725 per
722 4659 889 4711 Seabassinm
906 4659 1056 4725 (‘Zeitsobr.
1075 4660 1096 4722 f.
1115 4658 1331 4722 Kir·cbenpcscb.’
1350 4657 1437 4722 XIII,
1502 4688 1507 4701 .-

312 4744 342 4795 p-
356 4731 408 4783 513
418 4730 486 4795 sqq.)
504 4733 632 4795 quattuor
649 4745 712 4796 quos
730 4730 793 4780 clini
809 4746 941 4782 sermones
954 4729 1115 4781 Cairombono
1131 4735 1222 4781 nostro
1237 4731 1336 4780 iterum
1351 4730 1439 4780 mndi·

316 4797 371 4851 cati
398 4804 476 4864 sunt,
507 4802 661 4852 essentiane
690 4800 777 4851 eodem
807 4802 841 4855 A.
868 4800 975 4866 Haneb,
1007 4800 1231 4866 ‘Kiremnpesml
1258 4799 1283 4867 I,
1309 4816 1340 4865 p.
1359 4800 1437 4853 261⁸.

316 4869 344 4940 8)
363 4870 461 4923 Locum
480 4871 616 4936 difficilem
634 4873 744 4936 reputas
756 4870 984 4924 Colarnbonianoe
1001 4874 1192 4937 interpretatus
1207 4873 1239 4923 de
1253 4886 1350 4923 curuis
1361 4872 1439 4938 psai·

316 4958 422 4993 morum
440 4944 545 4994 ratione
564 4945 616 5008 epit
637 4943 668 4996 G.
683 4943 784 5009 Morin,
805 4943 988 5009 ‘Explication
1007 4943 1073 4993 d'nn
1089 4958 1204 5010 passape
1220 4943 1252 4993 de
1271 4943 1299 4992 ia
1317 4940 1391 5007 rbplc
1408 4942 1438 4992 cie

315 5015 388 5065 saint
402 5013 542 5065 Calambon
561 5014 658 5078 rnbztif
673 5013 691 5064 b
710 5014 805 5079 Vafriae
822 5016 868 5065 des
879 5016 978 5066 moines
996 5014 1126 5080 cetiiqnes’
1138 5013 1249 5079 (mesu
1261 5010 1438 5078 Btntdiatine,

315 5084 477 5136 Moredsous
490 5084 577 5147 1895’,
590 5084 659 5151 XII,
675 5101 704 5150 p.
718 5088 771 5140 200
780 5088 842 5152 sp).
899 5084 928 5154 4)
947 5085 1000 5138 Ed.
1013 5085 1135 5135 Haddon
1146 5090 1170 5135 et
1181 5084 1285 5150 Stnbbs,
1305 5082 1439 5136 ‘Councils

316 5156 373 5205 and
397 5156 579 5207 ealcsiasticai
603 5157 753 5208 docuncents
777 5157 894 5221 retatinp
912 5163 938 5208 to
959 5157 1042 5207 areae
1061 5156 1173 5207 Britain
1198 5156 1254 5205 ona
1269 5155 1438 5219 Ireiand’l,

311 5242 342 5292 p.
358 5228 417 5281 139.
444 5227 554 5291 Auctor,
574 5230 621 5293 qui
638 5228 707 5278 citos
725 5226 863 5292 Germani,
882 5227 965 5293 Lupi,
985 5226 1150 5293 columbani,
1169 5227 1301 5291 maesii,
1320 5226 1438 5277 Atbaboe

316 5298 423 5364 bpcrat,
451 5298 597 5349 monachus
625 5303 682 5349 erat
709 5300 778 5349 ritui
802 5297 949 5350 Hibernioo
974 5299 1097 5349 addictus
1125 5312 1236 5363 omoque
1260 5296 1439 5364 Karab'npioo
