3184 6800
295 1316 329 1369 12
507 1309 633 1380 IONAS,
646 1308 768 1363 VITAE
788 1308 1016 1363 COLUMBANI
1034 1307 1144 1363 LIBRI
1161 1309 1201 1366 II.

292 1493 384 1558 iamsi
399 1495 444 1558 ad
463 1492 653 1574 Greporium
671 1492 840 1572 peruenire
855 1490 1071 1572 nequiverant,
1095 1499 1276 1573 mortuoque
1291 1495 1421 1559 dunum

291 1582 370 1665 ipso,
402 1583 446 1648 ad
474 1602 679 1647 successorem
710 1602 740 1644 a.
767 1586 841 1643 604.
873 1580 994 1644 litteras
1024 1581 1103 1644 dare
1133 1581 1263 1662 cantipit
1290 1581 1339 1646 ita
1369 1583 1419 1648 in·

293 1671 457 1752 cupientes:
480 1672 555 1734 Iam
581 1672 641 1734 diu
657 1691 774 1735 omnes
792 1666 868 1746 (scr.
885 1691 946 1734 vos
956 1668 983 1751 1)
1001 1671 1074 1735 sedi
1094 1671 1304 1753 apostolicae
1320 1695 1419 1756 prae·

292 1762 445 1838 sidentes
458 1760 673 1824 dulcissimos
690 1759 848 1824 omnibus
865 1759 1039 1842 praesules
1056 1759 1216 1823 fidelibus
1232 1781 1272 1824 ac
1288 1763 1418 1826 merito

292 1849 475 1934 apostolici
498 1850 637 1913 honoris
661 1848 961 1913 reverendissimos
985 1851 1101 1931 patres
1123 1849 1264 1914 visitare
1288 1851 1452 1933 spiritus

293 1943 329 2003 eb
364 1938 533 2003 consolari
568 1938 719 2021 cupiens
755 1958 848 2001 nunc
879 1957 986 2019 usque
1016 1937 1105 2000 vobis
1135 1972 1179 1980 —
1212 1939 1417 2004 satisfacere

293 2049 361 2091 non
392 2028 500 2112 potui.
548 2026 599 2090 Ne
622 2027 729 2090 eadem
755 2025 894 2105 iteraret,
925 2024 1077 2107 epistulas
1100 2025 1230 2106 priores
1257 2026 1417 2108 Grcporio

292 2136 357 2179 non
380 2115 516 2180 traditas
538 2113 710 2179 successori
732 2113 967 2178 examinandas
988 2113 1200 2178 Calnnibanns
1218 2116 1327 2179 obtulit
1346 2137 1417 2181 nna

292 2225 362 2268 crim
392 2203 527 2284 epistula
556 2204 600 2267 ad
628 2202 843 2284 episcoporum
871 2201 1114 2267 Gallicanorum
1143 2205 1298 2285 synodum
1323 2205 1414 2270 duta.

296 2292 573 2356 Tnmrdtuantibus
611 2291 722 2373 potius
758 2312 854 2372 quam
891 2289 1158 2356 ratiocinantibus
1203 2293 1414 2375 aduersariis,
1437 2321 1465 2360 ιο

291 2380 492 2445 auctoritatis
514 2380 648 2462 papalis
670 2379 859 2445 sententiam
882 2378 1021 2460 ambivit,
1051 2386 1087 2444 nt
1108 2380 1170 2446 sibi
1193 2381 1417 2447 laborantibus

291 2469 470 2534 subueniret
497 2469 715 2549 seniorumque
742 2489 872 2532 suoram
901 2468 1105 2532 traditionem
1135 2471 1349 2551 confirmaret,
1381 2478 1417 2536 nt

292 2558 389 2622 ritum
411 2557 562 2639 paschae,
592 2557 674 2622 sicud
696 2557 896 2639 accepissent,
926 2556 1088 2622 iudicante
1115 2560 1220 2623 eodem
1247 2558 1416 2625 obseruare

285 2653 417 2728 possent
444 2646 481 2710 in
504 2646 765 2730 pereprinatione
795 2668 864 2710 sua.
916 2645 1083 2710 Contendit
1111 2653 1215 2711 aretem
1236 2646 1274 2711 in
1297 2649 1417 2729 putria

291 2757 324 2800 se
346 2736 450 2800 cicere
479 2734 515 2799 in
544 2734 676 2799 desertis
698 2737 838 2799 sedentes
859 2754 958 2815 neque
983 2736 1067 2799 ullas
1094 2734 1263 2800 Gallorum
1284 2737 1418 2818 repulus
1437 2763 1462 2802 ιδ

290 2823 482 2905 recipientes,
516 2823 657 2905 nullique
683 2823 804 2888 molesti
825 2825 953 2905 repulas
975 2823 1134 2888 seniorum
1161 2844 1290 2888 suarum
1312 2826 1416 2890 obser·

290 2919 400 2978 nantes
416 2913 605 2995 perturbari
627 2913 784 2977 nolebant.
832 2913 931 2977 Saluo
956 2912 1057 2994 ipitur
1079 2912 1307 2978 ecclesiasticae
1330 2935 1416 2994 pace

290 3001 427 3066 unitatis
448 3001 516 3066 iam
534 3000 618 3065 iuter
637 3001 749 3085 Gallos
764 3003 874 3081 depere
897 3000 1128 3083 desiderabant,
1152 3001 1189 3065 id
1210 3004 1294 3083 quod
1315 3002 1417 3068 etiam

292 3090 331 3154 ab
354 3090 434 3171 ipsis
457 3089 609 3170 episcopis
637 3089 849 3155 Columbanus
878 3089 914 3154 in
943 3090 1078 3170 epistula
1101 3092 1309 3172 praecedento
1331 3092 1416 3172 peti-

290 3180 411 3243 uerat2.
457 3177 605 3258 Denique
638 3177 719 3243 actis
752 3178 881 3243 coricilii
911 3178 1255 3261 Constantinopolitani
1277 3179 1332 3244 ΙΙ.
1364 3180 1416 3246 in·
1435 3207 1462 3246 20

291 3267 415 3347 nititur,
439 3273 474 3330 ut
492 3266 560 3331 suis
575 3267 703 3349 lepibus,
727 3266 809 3331 sicut
830 3289 850 3331 a
867 3267 1018 3348 patribus
1033 3269 1157 3332 edoctae
1172 3274 1282 3350 essent,
1305 3267 1416 3335 uiuere

290 3356 398 3421 liceret
420 3355 557 3421 ecclesiis
585 3355 622 3421 in
645 3355 795 3422 barbaris
816 3355 961 3439 pentibus
984 3356 1168 3439 constitutis,
1201 3357 1260 3422 etsi
1282 3359 1321 3422 de
1344 3358 1417 3424 suis

290 3444 410 3526 lepibus
447 3445 530 3510 nibil
566 3444 683 3509 ibidem
721 3444 865 3527 lepitur3,
907 3445 1102 3527 nimiumque
1139 3453 1331 3529 arropanter
1372 3449 1419 3513 ad

291 3555 443 3599 canonem
465 3534 555 3599 illum
578 3556 701 3616 papam
724 3534 886 3614 delepauit,
916 3534 1011 3615 arraei
1033 3535 1167 3600 barbari
1189 3534 1328 3615 fuissent
1350 3537 1416 3618 epi·

289 3622 375 3704 scopi
402 3622 568 3688 Gallicani
589 3645 657 3688 una
680 3644 750 3688 cum
773 3621 910 3687 Victoria
932 3643 998 3687 sua.
1435 3651 1463 3690 ss

397 3728 546 3811 Denique
569 3752 599 3794 a.
618 3735 691 3794 607.
718 3729 816 3794 Scotti
839 3729 929 3794 tertio
952 3731 1031 3795 luna
1051 3730 1154 3795 XIV.
1177 3730 1257 3813 cycli
1279 3729 1417 3796 Victori·

291 3817 359 3898 ani,
384 3818 436 3882 die
457 3818 577 3883 scilicet
596 3824 646 3881 16.
663 3817 802 3902 Aprilis,
820 3819 945 3899 pascba
963 3820 1170 3899 celebrabant,
1194 3819 1284 3885 Galli
1307 3827 1418 3885 autem

291 3906 468 3987 insequenti
491 3908 542 3971 die
565 3906 733 3972 dominico.
779 3907 932 3989 Episcopi
961 3907 1093 3989 synodis
1115 3908 1278 3973 celebratis
1301 3916 1418 3974 contra

284 3995 476 4080 pereprinos
499 4018 520 4061 a
543 3994 847 4077 conprovincialium
869 3996 1009 4062 moribus
1031 3996 1234 4062 desciscentes
1256 4018 1291 4062 eo
1314 4018 1418 4079 usque

291 4085 380 4150 baud
400 4085 532 4150 multum
555 4085 732 4167 effecerunt,
756 4084 824 4149 nisi
845 4085 953 4166 fallor,
981 4106 1015 4150 eo
1038 4088 1122 4167 quod
1136 4085 1304 4168 praesidio
1326 4087 1418 4170 repis
1436 4111 1463 4152 so

292 4295 318 4363 1)
345 4296 447 4347 Scilicet
471 4293 520 4346 diu
544 4310 594 4346 uos
614 4311 668 4360 pro
690 4293 737 4346 diu
754 4296 786 4346 b‘s
804 4296 851 4358 (=
872 4298 992 4361 omnes);
1016 4298 1050 4360 cf.
1069 4295 1143 4359 Ma,
1162 4296 1214 4362 Ep.
1233 4296 1290 4361 ΙΙΙ,
1307 4314 1336 4364 p.
1351 4298 1417 4364 165,

291 4368 309 4420 Ι.
323 4368 372 4420 22:
391 4364 425 4417 sd
437 4381 494 4431 vos,
511 4368 548 4416 ut
563 4363 656 4431 dixi,
674 4365 837 4433 apostolicos
849 4369 948 4433 patres.
979 4366 1175 4432 Inteitepuntur
1186 4368 1245 4418 sedi
1255 4368 1417 4433 apostolicae

287 4437 470 4503 praesidentes
487 4442 510 4486 et
525 4436 672 4501 Grepmius
690 4444 714 4488 et
731 4452 861 4489 successor
879 4439 965 4503 ipsius
983 4443 1062 4504 atque
1079 4439 1146 4489 ‘diu’
1165 4438 1201 4488 cd
1218 4438 1294 4490 illius
1309 4444 1417 4507 tempus

291 4507 464 4569 referendum
480 4511 526 4558 cst.
580 4508 607 4574 2)
631 4506 730 4571 Confer
746 4526 773 4575 p.
788 4511 848 4575 165,
868 4508 884 4562 l.
899 4511 942 4562 27.
960 4524 1018 4559 cum
1032 4526 1062 4576 p.
1077 4510 1137 4573 162,
1157 4508 1173 4567 i,
1186 4511 1229 4563 21.
1255 4509 1416 4576 Epistulam

292 4578 346 4631 ΙΙΙ.
367 4578 403 4627 ud
421 4578 596 4641 Bonifatium
608 4579 627 4629 Ι
629 4579 657 4632 V.
678 4577 954 4643 acommodatum
974 4596 1028 4631 csse
1051 4581 1148 4631 maluit
1172 4596 1254 4646 quam
1279 4581 1317 4632 ad
1333 4580 1416 4634 Sabi·
1433 4590 1462 4631 st

291 4651 415 4712 nianum,
433 4648 540 4715 Hamlc,
559 4649 785 4715 ‘Kircbenpescb'
797 4651 821 4716 I,
836 4650 913 4716 601³,
933 4652 979 4701 otu
997 4658 1071 4705 recte.
1109 4651 1175 4702 Cum
1200 4652 1271 4702 enim
1295 4653 1326 4703 in
1351 4655 1416 4719 ipsa

293 4719 472 4773 Columbanus
499 4736 607 4772 cansam
634 4722 709 4787 apud
735 4723 819 4773 sedem
846 4723 1018 4787 apostolicum
1041 4728 1192 4789 persecutus
1218 4724 1255 4774 sit
1280 4722 1416 4789 (irnperio

290 4793 391 4845 sedente
409 4793 547 4858 inceptam,
571 4808 679 4859 cumque
696 4794 825 4859 epistulas
842 4793 900 4845 sedi
915 4794 1072 4860 apostolicae
1089 4800 1153 4844 tunc
1170 4795 1323 4861 tradiderit,
1344 4811 1417 4861 quas

292 4863 334 4913 illi
352 4867 430 4914 anna
443 4863 625 4930 portitmibns
642 4864 775 4930 impeditis
787 4864 894 4916 tradere
911 4868 1072 4930 nequiverat,
1089 4880 1147 4915 cum
1159 4866 1269 4931 deuipm
1284 4881 1354 4931 quae
1372 4868 1419 4918 illi

291 4935 437 5000 scripserat
461 4950 491 4987 ea
517 4937 616 4987 iterare
640 4936 764 4999 noluerit,
788 4936 820 4986 dc
839 4936 893 4986 alio
912 4940 990 5001 dune
1013 4952 1042 4987 eo
1059 4938 1108 5002 qui
1123 4936 1168 4987 illi
1191 4938 1246 5002 ipsi
1267 4940 1417 5003 proicimus
1434 4948 1464 4987 40

291 5012 451 5057 successerat
465 5022 542 5072 papa
561 5022 618 5057 mea
636 5006 740 5072 quidem
758 5009 882 5073 opinione
897 5009 1015 5072 copitcrc
1031 5009 1079 5058 oin
1096 5008 1163 5062 iicet.
1240 5008 1268 5073 3)
1292 5008 1418 5062 Oenones

290 5092 351 5141 pra:
370 5074 437 5128 κατὰ
455 5075 502 5143 τὴν
520 5076 689 5143 κρατήσασαν
707 5077 850 5144 συνήθειαν
867 5076 939 5143 παρὰ
955 5084 1008 5128 τῶν
1022 5077 1161 5143 πατέρων,·
1179 5079 1242 5133 lut:
1260 5078 1418 5134 secundum

292 5150 401 5213 pubium
427 5163 497 5214 quae
522 5151 629 5200 servata
654 5152 696 5200 est
721 5147 946 5201 consuetudinem
971 5149 1085 5216 (Mansi,
1105 5150 1181 5204 conc.
1200 5149 1256 5215 ΙΙΙ,
1270 5152 1353 5213 559),·
1380 5154 1418 5219 cf.

292 5216 428 5284 Mensem,
455 5219 556 5275 ‘Gesciu
581 5220 608 5271 d.
629 5219 736 5281 Quellen
760 5222 785 5274 d.
812 5221 986 5273 canonischen
1004 5220 1108 5273 Recbts’
1125 5221 1149 5288 Ι,
1167 5222 1234 5275 944:
1261 5222 1419 5277 secundum

292 5286 364 5339 hano
382 5304 451 5355 quae
470 5288 544 5356 apud
561 5294 653 5357 patres
672 5290 841 5344 consuetudo
860 5290 987 5359 optinuit.
1438 5305 1467 5346 so
