3184 6800
410 1310 535 1384 tome,
547 1315 668 1373 VITAE
686 1317 916 1374 OOLUMBANI
934 1317 1042 1373 LIBRI
1061 1317 1099 1375 11.
1279 1323 1315 1376 45

189 1497 339 1565 dmi-ssa
363 1497 502 1580 posteris
530 1500 671 1581 eneuspla
699 1500 852 1565 imitandi
877 1500 966 1579 sacta
988 1507 1070 1565 sunt.
1117 1502 1230 1579 Locus,
1260 1501 1315 1566 ubi

189 1586 425 1654 nonasterium
453 1586 548 1652 situm
577 1594 656 1670 erat,
685 1591 731 1654 acl
758 1590 871 1669 fiscum
894 1588 1016 1671 replum
1038 1595 1182 1670 spectans
1211 1589 1315 1654 eondi-

189 1677 315 1743 uibus
332 1675 483 1757 larqitate
497 1675 674 1758 Dapoberti
688 1677 774 1760 repis
791 1683 955 1743 concessus
976 1689 1054 1758 erat,
1078 1677 1134 1758 qui
1156 1677 1315 1743 conditum

189 1786 215 1835 t.
238 1766 362 1831 eodem
384 1765 462 1844 fisco
479 1763 603 1846 partim
626 1766 797 1847 dolaverat,
829 1786 899 1830 cum
921 1764 991 1831 alia
1012 1767 1134 1846 fratres
1155 1788 1223 1831 una
1246 1788 1315 1831 cum

189 1861 282 1922 acre
297 1852 515 1919 contulissent.
550 1853 761 1936 Monasterio,
777 1854 911 1936 quadiu
926 1854 1074 1919 honorem
1090 1854 1190 1936 Petri,
1206 1854 1314 1935 Pauli,

189 1940 337 2009 tritonii
365 1947 575 2007 constructum
598 1941 706 2024 primo
735 1943 912 2008 Ierusalem
940 1943 1168 2025 appellabatur,
1198 1943 1317 2025 Apilus

189 2033 291 2098 bbas
311 2036 477 2114 praeerat,
504 2029 560 2112 qui
581 2031 753 2097 monachus
775 2030 989 2096 hramunsis
1010 2031 1199 2097 Eustasium
1221 2052 1316 2113 qnon-

189 2122 264 2187 'am
289 2119 335 2184 in
347 2117 542 2183 Baiouriocn
564 2119 728 2185 comitatae
750 2126 821 2184 erat
830 2121 851 2183 ¹.
890 2119 1018 2203 Roputu
1035 2120 1231 2186 conditorum
1247 2120 1317 2202 pri·

189 2207 368 2292 dapium²
385 2206 592 2288 plenissimae
607 2207 772 2290 libertatis,
796 2208 915 2275 scilicet
932 2215 962 2273 et
982 2209 1195 2274 immunitatis
1217 2215 1246 2274 et
1268 2229 1317 2274 erc·

189 2294 366 2380 ruptionis
380 2316 419 2361 en·
432 2294 653 2362 iurisdictione
667 2297 865 2378 dioecesana,
881 2317 938 2363 ren
952 2297 1144 2363 uwnasterio
1158 2319 1188 2362 a.
1203 2295 1283 2377 635)
1286 2304 1315 2377 6,

189 2387 235 2453 rie
263 2392 296 2449 1.
315 2383 459 2450 Octobris
475 2385 635 2467 concessit,
653 2388 738 2467 quod
751 2388 796 2451 acl
809 2386 976 2468 epismpos,
993 2387 1095 2468 duces,
1117 2386 1317 2466 Obanulfum

189 2473 340 2541 mnitem
354 2473 550 2538 Melitensem
565 2475 675 2539 datum
689 2474 787 2540 Dodo
805 2475 873 2555 ipse
887 2475 1007 2540 obtulit.
1046 2475 1200 2556 Sinculas
1214 2481 1317 2539 autem

189 2585 272 2647 fuas
296 2561 473 2642 monacbis,
496 2568 532 2626 ut
553 2562 654 2644 quiete
675 2562 723 2628 ibi
745 2563 884 2629 residere
898 2571 1037 2646 possent,
1062 2563 1208 2629 attribuit
1230 2563 1317 2628 liber·

189 2659 273 2719 ates
296 2651 349 2715 ita
367 2649 497 2731 plenius
519 2651 694 2733 descripsit,

289 2735 340 2823 *1)
373 2745 409 2802 ut
440 2738 581 2821 episcopo
614 2740 697 2804 nulli
729 2740 899 2822 quicquam
936 2742 974 2805 ele
1006 2742 1099 2805 rebus
1132 2739 1318 2805 monasterii
1337 2765 1371 2809 ·.
1405 2795 1411 2808 .

189 2831 304 2895 ollere
328 2826 433 2893 liceret
456 2848 554 2909 neque
570 2834 755 2909 potestatem
776 2832 939 2911 quanm
961 2829 999 2893 in
1021 2850 1056 2894 ea
1078 2849 1220 2893 emersus

306 2915 339 2998 2)
369 2937 467 2998 neque
495 2916 578 2983 illud
604 2916 731 2982 intrare
754 2918 821 2982 nisi
843 2918 1001 2983 voluntate
1023 2916 1148 2982 abbatis
1170 2923 1227 2982 aut
1248 2938 1317 2982 con·

189 3004 404 3089 nepotiana,

306 3089 340 3178 3)
369 3100 404 3157 ut
425 3095 535 3159 abbate
564 3094 720 3176 defuncto,
750 3115 841 3176 quem
871 3115 909 3160 erc
930 3101 1023 3160 semet
1051 3094 1133 3176 ipsis
1154 3093 1227 3176 ipsu
1249 3116 1317 3160 con·

189 3181 342 3267 preputio
364 3182 510 3265 elepisset,
534 3204 604 3247 eum
626 3183 689 3248 sibi
712 3184 866 3248 seniorem
887 3183 1074 3265 institruret,

308 3267 341 3355 4)
370 3277 406 3336 ut
426 3293 466 3335 ne
488 3271 646 3336 iudicibus
668 3272 794 3352 quidem
817 3293 869 3337 res
890 3293 1047 3355 usurpare
1070 3272 1175 3338 liceret
1197 3278 1253 3337 aut
1275 3275 1320 3337 ad

189 3361 405 3429 ecercendam
423 3366 605 3441 potestatem
627 3360 835 3427 iudiciariam
852 3361 1078 3427 monasterium
1096 3361 1319 3443 possessiones·

189 3473 256 3534 que
284 3449 424 3515 eiusdem
453 3449 589 3531 inprobi,
619 3453 675 3515 scd
703 3451 790 3515 omni
819 3451 1019 3517 immunitate
1047 3451 1131 3516 illucl
1159 3473 1228 3516 cum
1251 3472 1318 3516 corr·

189 3538 382 3622 preputione
404 3559 464 3603 sua
486 3539 658 3617 frueretur.

310 3628 381 3691 Hoc
403 3627 574 3708 pricilepio
598 3634 661 3692 tota
683 3627 864 3692 iurisdictio
887 3628 1072 3693 dioecesana
1095 3628 1236 3710 episcopo
1260 3628 1319 3693 loci

190 3722 324 3782 extorta
346 3721 392 3779 est
413 3736 511 3796 neque
533 3715 702 3797 qumquam
724 3716 754 3780 ei
776 3717 940 3797 remansit,
964 3740 1003 3781 ne
1018 3738 1173 3781 summum
1195 3716 1320 3798 quidem

192 3807 252 3870 ius
274 3804 489 3868 instituendi3
512 3805 635 3869 abbatis
657 3805 754 3869 libere
777 3805 882 3886 electi;
909 3813 1093 3887 potestatem
1122 3812 1226 3870 autem
1256 3826 1320 3869 nou

197 3895 302 3959 solnm
324 3893 526 3973 saecularem,
556 3895 613 3957 secl
633 3893 729 3958 etiam
755 3894 997 3959 ecclesiasticam
1020 3915 1077 3958 reu
1099 3894 1230 3959 remouit
1252 3893 1321 3958 iure

199 3982 283 4062 fisci,
309 3984 400 4059 dum,
426 3981 537 4062 inquit,
562 4003 665 4066 super
682 3988 802 4047 nostra
820 3988 872 4047 est
891 3985 1054 4067 largitate
1073 3988 1318 4047 constructum.

200 4072 289 4135 Erat
311 4069 410 4152 ipitur
431 4070 657 4134 monasterinm
688 4071 819 4152 repium,
850 4072 888 4135 de
917 4092 976 4151 quo
1005 4070 1194 4151 disponendi
1221 4071 1321 4149 fucul-

202 4166 298 4224 tatem
326 4158 388 4223 sibi
415 4158 476 4223 soli
505 4159 687 4224 resecant.
741 4160 915 4224 Verebatur
943 4165 1046 4224 autem
1075 4158 1150 4240 erse,
1181 4180 1220 4223 ne
1249 4158 1321 4239 quis

202 4248 396 4313 detrahendo
425 4247 615 4328 aestimaret,
650 4269 720 4312 eum
750 4247 796 4313 ‘in
825 4248 863 4312 iel
890 4269 972 4313 nasa
1002 4247 1191 4327 decrevisse’,
1222 4267 1321 4328 qnare

203 4337 376 4417 affirmare
409 4336 585 4414 festinabat
618 4338 655 4401 de
689 4337 846 4402 canonica
879 4336 1065 4402 anctoritate
1101 4335 1186 4400 nibil
1220 4334 1321 4399 immi-

202 4431 315 4489 nutum
344 4445 418 4505 esse,
449 4425 590 4506 exempla
617 4425 749 4506 insuper
771 4425 911 4504 afferens
938 4424 1133 4491 monasteria
1154 4426 1322 4490 Acaunen-

203 4514 297 4595 sium,
321 4512 556 4595 Lerinensinm,
577 4513 834 4595 Lunooiensium,
860 4515 893 4579 S.
910 4514 1062 4580 Marcelli
1082 4514 1321 4593 CabillonensiS,

207 4723 274 4789 1)V.
287 4722 484 4787 Columb.II,8.
521 4725 549 4790 2)
561 4723 710 4789 Ed.Per·tz,
718 4724 863 4791 Dipl.I,p.
872 4727 914 4779 16.
950 4726 978 4791 3)
992 4725 1166 4776 Contrarium
1175 4725 1323 4788 opinionem

205 4795 290 4845 tuitus
314 4800 352 4845 est
375 4795 424 4860 qui
446 4796 476 4845 in
497 4794 548 4845 hus
568 4811 612 4846 res
629 4810 661 4846 eu
678 4811 733 4862 que
750 4795 827 4847 callet
844 4797 992 4860 supositote
1009 4796 1146 4862 inquisivit
1169 4794 1323 4845 Theodorus

206 4864 237 4916 de
254 4865 348 4931 Siclcet,
367 4865 502 4930 ‘seuram
519 4882 572 4916 eur
590 4866 766 4933 Diplomutil‘
782 4865 802 4916 I
803 4867 829 4917 V
844 4867 919 4930 (⁴813.
938 4867 987 4917 der
999 4867 1147 4934 phil-bist.
1167 4866 1258 4916 Classe
1275 4865 1324 4915 der

213 4935 316 4987 Wiener
333 4935 433 4989 aanor
451 4936 570 5002 XLVII,
592 4938 670 5001 1864,
691 4953 720 5003 p.
738 4939 790 4991 571
804 4940 883 5003 squ),
907 4938 981 4989 aerbo
1005 4936 1131 4989 instituat
1155 4934 1249 4999 (Peme
1267 4934 1284 4988 t.
1305 4936 1322 4989 l.

203 5023 232 5073 p.
249 5009 292 5072 17,
305 5010 344 5066 29)
366 5006 510 5058 nonnum
535 5008 685 5060 attribuens
709 5010 860 5074 episcopum
883 5008 937 5061 loco
961 5008 1181 5073 sonprepatiouis,
1205 5006 1323 5071 meusque

208 5077 415 5129 uumdrbtronem
439 5079 604 5130 moderatam
621 5080 750 5145 episcopis
774 5094 876 5144 suuper
900 5086 1064 5131 reservatam
1084 5093 1137 5129 esse
1158 5077 1261 5141 statuit,
1285 5076 1325 5127 oet

209 5148 445 5201 contradicentibus
459 5148 617 5215 pricilepin.
643 5150 779 5201 Iunonis
790 5152 861 5201 euim
873 5149 1021 5201 Scutorum
1036 5163 1090 5200 nou
1102 5163 1160 5200 eam
1171 5162 1252 5213 arram
1267 5163 1325 5214 par

210 5224 243 5269 est
260 5220 447 5271 auctoritatem
471 5220 618 5273 vindicasse
640 5221 753 5285 ndaur,
777 5221 848 5272 unde
871 5220 1018 5272 libertatem
1042 5219 1231 5271 mancationem
1254 5220 1325 5270 tusto

211 5293 336 5343 minorem
354 5291 439 5354 fuisse
455 5290 576 5355 uectidlt,
591 5296 683 5358 postea
701 5291 806 5358 quibem
820 5306 872 5358 per·
888 5292 1021 5358 episcopos
1038 5292 1183 5343 coercitam.
