3184 6800
455 1334 581 1404 loson,
593 1335 715 1391 VITAE
733 1335 962 1393 oohuunsm
979 1336 1089 1393 LIBRI
1106 1338 1146 1396 IL
1325 1344 1359 1399 bl

235 1518 410 1585 lsistoriom
432 1517 636 1600 emanue
657 1539 817 1602 novaeque
835 1519 1105 1602 perepriuotianis
1120 1541 1184 1603 per
1204 1522 1361 1587 Alaman-

235 1608 331 1674 niam
353 1607 391 1673 in
413 1605 547 1672 Italiam
568 1627 667 1688 usque
689 1608 735 1672 ad
755 1607 872 1672 abitum
893 1608 1025 1688 felicem,
1049 1607 1073 1672 i.
1089 1631 1115 1673 e.
1134 1609 1223 1674 intra
1238 1631 1361 1692 paricas

237 1717 346 1763 annos
364 1700 557 1760 sor-615.
579 1701 676 1778 peste,
701 1695 942 1777 comprehendit.
980 1697 1170 1763 Procedente
1187 1698 1272 1763 enim
1289 1705 1360 1764 tem

231 1805 316 1868 parc
336 1785 441 1864 sontes
462 1803 497 1848 eo
519 1782 649 1849 uberius
666 1785 768 1862 fluere
788 1791 962 1866 coepemmt,
985 1806 1046 1867 quo
1068 1785 1176 1851 minus
1197 1788 1235 1850 de
1256 1787 1361 1853 sancti

205 1896 220 1936 s
230 1873 429 1956 primordiis
461 1878 492 1938 et
523 1872 759 1938 conversatioem
790 1873 972 1939 Hiberniae
1004 1873 1206 1940 abundantio
1238 1875 1361 1957 fideque

230 1963 454 2045 praestabant,
483 1980 647 2043 perpauca
681 1967 805 2026 tantum
832 1982 1013 2044 porumque
1045 1970 1146 2045 certa,
1181 1985 1222 2029 ne
1255 1964 1360 2030 ἀίεαηι

236 2051 389 2131 fabuloso
411 2052 579 2115 tradentes.
621 2050 723 2115 Ionas
744 2050 908 2132 utriusque
930 2051 1117 2116 monasterii
1139 2059 1169 2117 et
1189 2051 1361 2118 Rabiensis

237 2145 269 2204 et
297 2138 511 2204 [summensis
538 2137 703 2219 prosimos
735 2139 840 2204 saneti
870 2159 1061 2204 successores
1090 2147 1120 2205 et
1147 2140 1302 2206 Atbalom
1331 2149 1361 2207 et

236 2226 429 2293 Eustasium
458 2232 547 2292 testes
573 2227 673 2292 citosre
699 2233 829 2308 poterat
855 2234 947 2308 atque
976 2228 1146 2294 etiamtunc
1179 2229 1361 2311 mperstites

193 2338 220 2378 u
236 2337 335 2398 mmm
358 2315 518 2398 plurimos
544 2336 653 2380 eornm
682 2336 748 2380 esse
777 2315 967 2398 affirmauit,
1002 2317 1058 2398 qni
1086 2317 1245 2384 miranda
1273 2321 1361 2402 apud

236 2411 384 2470 sanctum
396 2409 532 2487 patrata
549 2410 579 2468 et
594 2402 749 2468 vidissent
762 2410 792 2468 et
809 2404 873 2486 ipsi
887 2405 1126 2470 enarramssent
1135 2407 1156 2469 ¹.
1195 2408 1358 2489 ductores,

237 2516 261 2559 a
294 2493 411 2575 qulbus
442 2492 602 2558 miracula
635 2498 805 2574 accepcrat,
844 2514 936 2575 saepe
968 2493 1154 2575 nmninasit,
1188 2496 1271 2560 velut
1303 2495 1359 2577 qui

243 2581 473 2648 &lurdonum
494 2580 531 2645 iu
554 2583 709 2646 desertnm
739 2581 880 2646 cmnitati
902 2580 1047 2663 piscibus
1075 2583 1240 2664 capiendis
1267 2605 1359 2650 uaca-

236 2677 361 2750 nercmt‚
397 2669 623 2735 Soniclarium
656 2676 731 2734 tunc
764 2670 989 2735 adolescentum
1022 2671 1126 2736 adbuc
1163 2672 1358 2753 superstitem

194 2779 219 2820 u
236 2765 332 2841 atoue
346 2757 580 2824 celeberrimum
600 2758 730 2823 Gallum
746 2758 844 2839 illum,
868 2779 999 2841 quomm
1014 2758 1144 2824 diutius·
1157 2767 1358 2826 conversatus

236 2848 364 2912 videtur
388 2868 453 2912 esse
462 2849 483 2910 ².
534 2845 774 2928 Tleudepisilus
803 2847 937 2929 dipitum
966 2847 1003 2911 in
1030 2849 1172 2912 metendo
1201 2848 1358 2913 abscisum

236 2943 331 3018 atque
353 2934 458 2999 saliua
480 2935 583 3000 sancti
605 2941 755 3000 sanatum
777 2935 808 3000 ei
835 2935 904 3016 ipse
925 2942 1156 3001 monstraverat
1164 2938 1185 3018 ³,
1215 2936 1357 3019 mensus

236 3025 335 3090 mam
367 3025 405 3088 de
435 3030 534 3089 morte
565 3023 698 3088 alterius
731 3023 928 3105 Columbani,
961 3023 1017 3105 qui
1047 3046 1116 3089 una
1147 3047 1216 3091 cum
1247 3032 1357 3090 sancto

236 3134 277 3178 en
299 3112 464 3178 Hibernia
493 3114 674 3192 aduenerat,
705 3111 735 3176 ei
763 3112 919 3177 rettulisse
947 3112 1109 3178 uidetur4:
1138 3115 1246 3194 suerat
1272 3114 1357 3179 euim

190 3226 218 3268 ss
235 3201 385 3266 minister
400 3200 497 3265 illius.
523 3201 577 3266 Ea
592 3222 673 3283 quoe
686 3199 854 3265 Wiuiocus
862 3202 1027 3284 presbyter
1039 3201 1164 3267 uiderat
1176 3202 1358 3268 miraculo⁶

236 3291 376 3370 fortasse
404 3289 494 3369 filicis
521 3289 624 3372 ipsius
653 3288 834 3354 Boboleuus
862 3291 960 3354 abbas
987 3291 1162 3356 enerravit.
1208 3291 1358 3357 Donatus

236 3378 401 3461 episcopus
429 3377 693 3459 Vesontionensis,
723 3379 761 3443 de
791 3378 881 3444 cuius
904 3378 1027 3462 oripine
1049 3386 1079 3445 et
1099 3379 1230 3459 familia
1253 3380 1283 3462 Ι,
1305 3386 1355 3445 14.

236 3468 367 3548 rettut't,
397 3467 567 3532 etiamtunc
596 3467 681 3531 inter
703 3467 790 3531 oinos
819 3474 897 3531 erut.
944 3469 1038 3533 Inter
1059 3475 1202 3534 auctores
1224 3470 1357 3535 alterius

229 3556 351 3640 partis,
382 3576 462 3637 quoe
490 3556 625 3621 muioris
653 3556 801 3620 momenti
824 3563 870 3620 cst
891 3563 983 3639 atque
1005 3557 1100 3621 etiam
1123 3561 1168 3621 od
1189 3557 1356 3623 historiam

189 3667 217 3707 u
233 3646 400 3727 politicam
421 3644 621 3710 scribendam
644 3644 812 3710 materiem
834 3644 942 3709 utilem
961 3645 1064 3726 affert,
1082 3646 1226 3726 primum
1243 3647 1357 3727 precii

236 3734 334 3799 dubio
367 3734 468 3798 locum
496 3734 618 3798 Atbala
652 3739 681 3797 et
709 3732 884 3797 Eustasius
917 3741 1077 3814 occupant,
1112 3755 1189 3814 quos
1218 3736 1357 3800 Lunouii

235 3822 362 3888 relictos
391 3824 429 3886 de
457 3821 564 3887 causis
589 3821 680 3886 endii
702 3820 815 3903 optime
836 3821 1008 3886 instructos
1029 3822 1130 3901 fuisse
1152 3830 1278 3904 oportet.
1323 3824 1359 3889 Ε

235 3911 352 3993 quibus
380 3931 464 3975 unus
491 3910 671 3976 ministerio
699 3910 887 3975 Columbani
916 3910 1085 3976 adiunctus
1113 3912 1230 3992 fuerat,
1265 3914 1355 3994 atter,

235 4000 358 4066 sedicet
378 3999 551 4064 Eustasius
560 4000 581 4080 ⁶,
604 4001 707 4080 ipsum
730 3998 767 4062 in
794 3998 1003 4063 Tbeudebcrti
1024 4019 1155 4081 repnum
1178 4002 1357 4065 subsecutus

189 4116 216 4155 ss
235 4087 429 4154 miraculum
454 4108 553 4169 prope
575 4087 786 4169 Bripuutiam
804 4094 969 4168 patratum
991 4088 1118 4165 rettulit,
1150 4088 1262 4152 deiude
1290 4091 1357 4153 vice

235 4176 343 4242 sanati
365 4176 564 4241 Inmooieuse
595 4176 821 4241 monasterium
848 4177 1033 4258 pubernaus
1061 4176 1150 4240 iussu
1177 4175 1357 4242 Oblotlam'i

236 4264 425 4348 lepatianem
447 4264 538 4330 illam
559 4264 702 4347 suscepit,
727 4266 764 4330 de
786 4285 851 4346 qua
868 4264 905 4329 iu
924 4266 1006 4329 culce
1024 4263 1100 4329 libri
1122 4264 1256 4329 relatum
1280 4271 1325 4329 est
1335 4266 1355 4328 ³.

242 4354 352 4419 (lomes
380 4360 485 4418 outem
510 4353 638 4427 itineris
666 4353 763 4433 illius,
798 4374 859 4433 quo
887 4352 1098 4418 Columbanus
1126 4376 1142 4418 e
1169 4354 1357 4419 ilseudcrici

236 4464 334 4525 repuo
366 4443 608 4523 *reportabatur
638 4441 810 4506 etiamtunc
838 4443 967 4523 depebat
988 4442 1205 4525 Potentinus⁸‚
1236 4443 1291 4525 qui
1318 4443 1357 4508 in
1374 4466 1449 4516 mss.

195 4556 222 4597 u
238 4531 373 4597 dioecesi
401 4529 606 4596 Constantius
638 4530 728 4595 urbis
761 4530 987 4595 monasterium
1021 4531 1213 4597 condiderat.
1264 4533 1357 4597 Inter

238 4620 368 4685 clericos
396 4619 543 4685 ecclesiae
565 4618 841 4700 Mapontiacensis
870 4619 972 4683 Ionas
1000 4619 1182 4697 familiares
1208 4621 1357 4687 babuisse

239 4708 371 4790 ridetur,
395 4707 450 4789 qui
472 4706 576 4789 ipsum
599 4710 636 4772 de
659 4707 822 4789 colloquiis
842 4707 1012 4772 Lesiouis⁹
1034 4708 1171 4793 episcopi
1193 4708 1356 4774 certiorem

240 4797 390 4876 facerent.
429 4796 577 4878 Denique
600 4796 693 4861 liberi
713 4795 911 4877 Oiepnerici
932 4796 1023 4861 illius
1041 4797 1250 4862 Tbeudeberti
1271 4798 1359 4879 repis.

240 4886 396 4966 connium,
415 4884 454 4949 in
471 4884 561 4949 cuius
576 4887 666 4950 duno
683 4905 744 4967 per
760 4885 924 4949 Meldense
939 4885 1133 4950 territorium
1146 4885 1356 4967 proficiscens

201 5101 223 5141 to
241 5095 267 5161 1)
286 5095 330 5159 Of.
347 5095 489 5162 epistidam
504 5094 535 5149 l'.
553 5094 710 5147 columbani
721 5096 909 5161 praemissam.
964 5096 992 5161 2)
1007 5094 1036 5148 V.
1050 5094 1164 5148 Columb.
1176 5094 1200 5159 Ι,
1214 5096 1261 5148 11:
1277 5091 1355 5149 Haec

241 5165 318 5218 nobis
335 5182 419 5233 supra
436 5164 525 5218 dictus
537 5162 633 5217 (lellus
651 5180 715 5232 sepe
733 5165 863 5218 narravit.
894 5166 981 5216 Locus
993 5167 1022 5216 tn
1033 5166 1145 5216 editione
1156 5164 1355 5218 Mobillouiona

240 5236 416 5291 desideratur.
481 5238 510 5301 3)
527 5236 557 5289 V.
578 5236 792 5303 Columl.I,lb.
855 5237 884 5303 4)
905 5235 1045 5299 Io.1,17.
1103 5235 1355 5302 5)1b.1,15.17.

242 5304 424 5374 (llll-W·
499 5306 688 5373 7)1o.l,30.
761 5306 950 5373 8)1t.1,21.
1022 5305 1208 5373 utimr.

1110 5413 1145 5467 4*
